Sales_Date,Store,Month,Weekday,Sales,Unit_Price,State,Climate,Promo,Test20t,Test50t
1/07/2008,51,1,2,50.72,0.9637224,SP,TEMPERED / HUMID,0,0,0
1/08/2008,51,1,3,235.64,0.88045323,SP,TEMPERED / HUMID,1,0,0
1/09/2008,51,1,4,40.77,0.68481727,SP,TEMPERED / HUMID,0,0,0
1/10/2008,51,1,5,2193.2,0.36999362,SP,TEMPERED / HUMID,0,0,0
1/11/2008,51,1,6,135.16,0.98993785,SP,TEMPERED / HUMID,0,0,0
1/12/2008,51,1,7,168.92,0.74792801,SP,TEMPERED / HUMID,0,0,0
2/07/2008,51,2,5,60.61,0.95644283,SP,TEMPERED / HUMID,0,0,0
2/08/2008,51,2,6,164.11,0.8901956,SP,TEMPERED / HUMID,1,0,0
2/09/2008,51,2,7,97.9,0.98335036,SP,TEMPERED / HUMID,0,0,0
2/10/2008,51,2,1,145.47,0.68969547,SP,TEMPERED / HUMID,0,0,0
2/11/2008,51,2,2,92.1,0.99001086,SP,TEMPERED / HUMID,0,0,0
2/12/2008,51,2,3,106.02,0.68854933,SP,TEMPERED / HUMID,0,0,0
3/07/2008,51,3,6,15.28,0.98036649,SP,TEMPERED / HUMID,0,0,0
3/08/2008,51,3,7,95.9,0.98686131,SP,TEMPERED / HUMID,0,0,0
3/09/2008,51,3,1,426.99,0.57003677,SP,TEMPERED / HUMID,1,0,0
3/10/2008,51,3,2,159.2,0.68988693,SP,TEMPERED / HUMID,0,0,0
3/11/2008,51,3,3,128.11,0.98985247,SP,TEMPERED / HUMID,0,0,0
3/12/2008,51,3,4,751.15,0.37995074,SP,TEMPERED / HUMID,1,0,0
4/07/2008,51,4,2,23.36,0.98030822,SP,TEMPERED / HUMID,0,0,0
4/08/2008,51,4,3,53.02,0.9275745,SP,TEMPERED / HUMID,0,0,0
4/09/2008,51,4,4,81.36,0.89048673,SP,TEMPERED / HUMID,1,0,0
4/10/2008,51,4,5,133.53,0.68995731,SP,TEMPERED / HUMID,0,0,0
4/11/2008,51,4,6,108.11,0.78716122,SP,TEMPERED / HUMID,0,0,0
5/07/2008,51,5,4,23.02,0.98132059,SP,TEMPERED / HUMID,0,0,0
5/08/2008,51,5,5,87.17,0.71503958,SP,TEMPERED / HUMID,0,0,0
5/09/2008,51,5,6,92.16,0.77983941,SP,TEMPERED / HUMID,1,0,0
5/10/2008,51,5,7,121.47,0.69012925,SP,TEMPERED / HUMID,0,0,0
5/11/2008,51,5,1,336.12,0.57967393,SP,TEMPERED / HUMID,1,0,0
5/12/2008,51,5,2,63.86,0.75039148,SP,TEMPERED / HUMID,0,0,0
6/07/2008,51,6,7,14.66,0.98021828,SP,TEMPERED / HUMID,0,0,0
6/08/2008,51,6,1,133.54,0.67859817,SP,TEMPERED / HUMID,1,0,0
6/09/2008,51,6,2,189.81,0.78014857,SP,TEMPERED / HUMID,1,0,0
6/10/2008,51,6,3,62.64,0.6901341,SP,TEMPERED / HUMID,0,0,0
6/11/2008,51,6,4,102.98,0.79005632,SP,TEMPERED / HUMID,0,0,0
6/12/2008,51,6,5,204.54,0.58003325,SP,TEMPERED / HUMID,0,0,0
7/07/2008,51,7,2,29.65,0.97942664,SP,TEMPERED / HUMID,0,0,0
7/08/2008,51,7,3,31.66,0.78963992,SP,TEMPERED / HUMID,1,0,0
7/09/2008,51,7,4,87.75,0.7797151,SP,TEMPERED / HUMID,1,0,0
7/10/2008,51,7,5,286.63,0.686739,SP,TEMPERED / HUMID,0,0,0
7/11/2008,51,7,6,105.4,0.72305503,SP,TEMPERED / HUMID,1,0,0
7/12/2008,51,7,7,63.16,0.580114,SP,TEMPERED / HUMID,0,0,0
7/13/2008,51,7,1,29.43,0.97995243,SP,TEMPERED / HUMID,0,0,0
7/14/2008,51,7,2,15.82,0.97977244,SP,TEMPERED / HUMID,0,0,0
7/15/2008,51,7,3,106.41,0.86636594,SP,TEMPERED / HUMID,0,0,0
7/16/2008,51,7,4,131.02,0.63959701,SP,TEMPERED / HUMID,1,0,0
7/17/2008,51,7,5,34.68,0.86591696,SP,TEMPERED / HUMID,0,0,0
7/18/2008,51,7,6,29.13,0.98008926,SP,TEMPERED / HUMID,0,0,0
7/19/2008,51,7,7,55.21,0.97971382,SP,TEMPERED / HUMID,0,0,0
7/20/2008,51,7,1,31.32,0.97988506,SP,TEMPERED / HUMID,0,0,0
7/21/2008,51,7,2,48.06,0.94049105,SP,TEMPERED / HUMID,0,0,0
7/22/2008,51,7,3,41.06,1.39016074,SP,TEMPERED / HUMID,0,0,0
7/23/2008,51,7,4,29.66,1.39008766,SP,TEMPERED / HUMID,0,0,0
7/24/2008,51,7,5,17.45,1.39083095,SP,TEMPERED / HUMID,0,0,0
7/25/2008,51,7,6,19.16,1.38987474,SP,TEMPERED / HUMID,0,0,0
7/26/2008,51,7,7,61.98,1.04985479,SP,TEMPERED / HUMID,0,0,0
7/27/2008,51,7,1,46.12,1.0498699,SP,TEMPERED / HUMID,0,0,0
7/28/2008,51,7,2,82.71,1.03941482,SP,TEMPERED / HUMID,0,0,0
7/29/2008,51,7,3,42.36,0.99338999,SP,TEMPERED / HUMID,0,0,0
7/30/2008,51,7,4,61.58,1.05017863,SP,TEMPERED / HUMID,0,0,0
7/31/2008,51,7,5,163.81,1.05005799,SP,TEMPERED / HUMID,0,0,0
8/07/2008,51,8,5,8.27,0.98186215,SP,TEMPERED / HUMID,0,0,0
8/08/2008,51,8,6,28.99,0.78992756,SP,TEMPERED / HUMID,0,0,0
8/09/2008,51,8,7,82.96,0.88970588,SP,TEMPERED / HUMID,1,0,0
8/10/2008,51,8,1,356.75,0.68989488,SP,TEMPERED / HUMID,0,0,0
8/11/2008,51,8,2,115.26,0.68991845,SP,TEMPERED / HUMID,1,0,0
8/12/2008,51,8,3,134.37,0.58026345,SP,TEMPERED / HUMID,0,0,0
8/13/2008,51,8,4,51.39,0.98521113,SP,TEMPERED / HUMID,0,0,0
8/14/2008,51,8,5,40.94,1.18978994,SP,TEMPERED / HUMID,0,0,0
8/15/2008,51,8,6,15.27,1.13163065,SP,TEMPERED / HUMID,0,0,0
8/16/2008,51,8,7,37.3,1.19034853,SP,TEMPERED / HUMID,0,0,0
8/17/2008,51,8,1,46.21,1.18978576,SP,TEMPERED / HUMID,0,0,0
8/18/2008,51,8,2,33.52,1.19063246,SP,TEMPERED / HUMID,0,0,0
8/19/2008,51,8,3,50.04,0.74020783,SP,TEMPERED / HUMID,0,0,0
8/20/2008,51,8,4,107.04,0.75037369,SP,TEMPERED / HUMID,0,0,0
8/21/2008,51,8,5,59.03,0.74995765,SP,TEMPERED / HUMID,0,0,0
8/22/2008,51,8,6,57.61,0.69571255,SP,TEMPERED / HUMID,0,0,0
8/23/2008,51,8,7,39.99,0.89047262,SP,TEMPERED / HUMID,0,0,0
8/24/2008,51,8,1,29.53,0.88994243,SP,TEMPERED / HUMID,0,0,0
8/25/2008,51,8,2,13.6,0.89117647,SP,TEMPERED / HUMID,0,0,0
8/26/2008,51,8,3,46.49,0.88986879,SP,TEMPERED / HUMID,0,0,0
8/27/2008,51,8,4,228.27,0.68865817,SP,TEMPERED / HUMID,1,0,0
8/28/2008,51,8,5,45.65,0.99036145,SP,TEMPERED / HUMID,0,0,0
8/29/2008,51,8,6,110.54,0.91803872,SP,TEMPERED / HUMID,0,0,0
8/30/2008,51,8,7,141.01,0.69037657,SP,TEMPERED / HUMID,0,0,0
8/31/2008,51,8,1,82.7,0.69020556,SP,TEMPERED / HUMID,0,0,0
9/07/2008,51,9,1,68.22,0.80079156,SP,TEMPERED / HUMID,0,0,0
9/08/2008,51,9,2,63.09,0.79014107,SP,TEMPERED / HUMID,0,0,0
9/09/2008,51,9,3,72.08,0.98876249,SP,TEMPERED / HUMID,0,0,0
9/10/2008,51,9,4,183.05,0.69013931,SP,TEMPERED / HUMID,0,0,0
9/11/2008,51,9,5,49.74,0.69059107,SP,TEMPERED / HUMID,1,0,0
9/12/2008,51,9,6,121.58,0.57986511,SP,TEMPERED / HUMID,0,0,0
9/13/2008,51,9,7,124.8,0.75,SP,TEMPERED / HUMID,0,0,0
9/14/2008,51,9,1,64.45,0.74988363,SP,TEMPERED / HUMID,0,0,0
9/15/2008,51,9,2,163.33,0.75026021,SP,TEMPERED / HUMID,0,0,0
9/16/2008,51,9,3,180.84,0.74148418,SP,TEMPERED / HUMID,0,0,0
9/17/2008,51,9,4,679.47,0.47994761,SP,TEMPERED / HUMID,1,0,0
9/18/2008,51,9,5,222.06,0.78456273,SP,TEMPERED / HUMID,1,0,0
9/19/2008,51,9,6,143.34,0.94997907,SP,TEMPERED / HUMID,0,0,0
9/20/2008,51,9,7,260.29,0.6899612,SP,TEMPERED / HUMID,0,0,0
9/21/2008,51,9,1,164.2,0.68989038,SP,TEMPERED / HUMID,0,0,0
9/22/2008,51,9,2,84.23,0.68859076,SP,TEMPERED / HUMID,0,0,0
9/23/2008,51,9,3,234.66,0.68136879,SP,TEMPERED / HUMID,0,0,0
9/24/2008,51,9,4,957.08,0.49005308,SP,TEMPERED / HUMID,1,0,0
9/25/2008,51,9,5,122.67,0.69006277,SP,TEMPERED / HUMID,1,0,0
9/26/2008,51,9,6,88,0.68943182,SP,TEMPERED / HUMID,0,0,0
9/27/2008,51,9,7,169.77,0.69016905,SP,TEMPERED / HUMID,0,0,0
9/28/2008,51,9,1,118.2,0.69010152,SP,TEMPERED / HUMID,0,0,0
9/29/2008,51,9,2,72.15,0.68953569,SP,TEMPERED / HUMID,0,0,0
9/30/2008,51,9,3,44.58,0.68999551,SP,TEMPERED / HUMID,0,0,0
10/07/2008,51,10,3,31.83,0.97926484,SP,TEMPERED / HUMID,0,0,0
10/08/2008,51,10,4,51.81,0.79000193,SP,TEMPERED / HUMID,0,0,0
10/09/2008,51,10,5,205.51,0.68663325,SP,TEMPERED / HUMID,0,0,0
10/10/2008,51,10,6,163.35,0.68999082,SP,TEMPERED / HUMID,0,0,0
10/11/2008,51,10,7,89.05,0.78001123,SP,TEMPERED / HUMID,0,0,0
10/12/2008,51,10,1,133.83,0.73952029,SP,TEMPERED / HUMID,1,0,0
10/13/2008,51,10,2,244.24,0.68993613,SP,TEMPERED / HUMID,0,0,0
10/14/2008,51,10,3,214.43,0.68194749,SP,TEMPERED / HUMID,1,0,0
10/15/2008,51,10,4,300.9,0.69002991,SP,TEMPERED / HUMID,1,0,0
10/16/2008,51,10,5,105.21,0.78984887,SP,TEMPERED / HUMID,0,0,0
10/17/2008,51,10,6,189.43,0.68980626,SP,TEMPERED / HUMID,0,0,0
10/18/2008,51,10,7,142.18,0.69025179,SP,TEMPERED / HUMID,0,0,0
10/19/2008,51,10,1,58.69,0.69023684,SP,TEMPERED / HUMID,0,0,0
10/20/2008,51,10,2,42.89,0.68967125,SP,TEMPERED / HUMID,0,0,0
10/21/2008,51,10,3,47.52,0.68855219,SP,TEMPERED / HUMID,1,0,0
10/22/2008,51,10,4,96.07,0.75039034,SP,TEMPERED / HUMID,1,0,0
10/23/2008,51,10,5,60,0.79016667,SP,TEMPERED / HUMID,0,0,0
10/24/2008,51,10,6,74.65,0.78981916,SP,TEMPERED / HUMID,0,0,0
10/25/2008,51,10,7,80.09,0.78973655,SP,TEMPERED / HUMID,0,0,0
10/26/2008,51,10,1,114.89,0.79006006,SP,TEMPERED / HUMID,0,0,0
10/27/2008,51,10,2,165.32,0.78187757,SP,TEMPERED / HUMID,0,0,0
10/28/2008,51,10,3,166.71,0.75520365,SP,TEMPERED / HUMID,1,0,0
10/29/2008,51,10,4,227.92,0.78931204,SP,TEMPERED / HUMID,1,0,0
10/30/2008,51,10,5,149.03,0.79004227,SP,TEMPERED / HUMID,0,0,0
10/31/2008,51,10,6,136.29,0.79022672,SP,TEMPERED / HUMID,0,0,0
11/07/2008,51,11,6,27.4,0.87664234,SP,TEMPERED / HUMID,0,0,0
11/08/2008,51,11,7,38.3,0.79007833,SP,TEMPERED / HUMID,0,0,0
11/09/2008,51,11,1,55.26,0.75027144,SP,TEMPERED / HUMID,0,0,0
11/10/2008,51,11,2,169.02,0.69009585,SP,TEMPERED / HUMID,0,0,0
11/11/2008,51,11,3,155.67,0.75859189,SP,TEMPERED / HUMID,0,0,0
11/12/2008,51,11,4,72.32,0.7397677,SP,TEMPERED / HUMID,1,0,0
11/13/2008,51,11,5,66.75,0.94981273,SP,TEMPERED / HUMID,0,0,0
11/14/2008,51,11,6,78.95,0.68993034,SP,TEMPERED / HUMID,0,0,0
11/15/2008,51,11,7,166.5,0.79045045,SP,TEMPERED / HUMID,0,0,0
11/16/2008,51,11,1,117.32,0.79023184,SP,TEMPERED / HUMID,0,0,0
11/17/2008,51,11,2,103.27,0.78996804,SP,TEMPERED / HUMID,0,0,0
11/18/2008,51,11,3,52.33,0.79055991,SP,TEMPERED / HUMID,0,0,0
11/19/2008,51,11,4,368.38,0.57989033,SP,TEMPERED / HUMID,1,0,0
11/20/2008,51,11,5,181.87,0.57980975,SP,TEMPERED / HUMID,1,0,0
11/21/2008,51,11,6,53.67,0.79057201,SP,TEMPERED / HUMID,0,0,0
11/22/2008,51,11,7,113.89,0.78979717,SP,TEMPERED / HUMID,0,0,0
11/23/2008,51,11,1,88.48,0.78989602,SP,TEMPERED / HUMID,0,0,0
11/24/2008,51,11,2,84.21,0.79016744,SP,TEMPERED / HUMID,0,0,0
11/25/2008,51,11,3,104.05,0.76386353,SP,TEMPERED / HUMID,0,0,0
11/26/2008,51,11,4,201.24,0.55297158,SP,TEMPERED / HUMID,1,0,0
11/27/2008,51,11,5,178.01,0.57979889,SP,TEMPERED / HUMID,1,0,0
11/28/2008,51,11,6,65.76,0.68020073,SP,TEMPERED / HUMID,0,0,0
11/29/2008,51,11,7,109.3,0.75032022,SP,TEMPERED / HUMID,0,0,0
11/30/2008,51,11,1,112.23,0.74997772,SP,TEMPERED / HUMID,0,0,0
12/07/2008,51,12,1,25.49,0.97959984,SP,TEMPERED / HUMID,0,0,0
12/08/2008,51,12,2,42.21,1.04074864,SP,TEMPERED / HUMID,0,0,0
12/09/2008,51,12,3,57.07,0.75013142,SP,TEMPERED / HUMID,0,0,0
12/10/2008,51,12,4,159.7,0.69023168,SP,TEMPERED / HUMID,0,0,0
12/11/2008,51,12,5,684.68,0.45010808,SP,TEMPERED / HUMID,1,0,0
12/12/2008,51,12,6,146.58,0.65363624,SP,TEMPERED / HUMID,0,0,0
12/13/2008,51,12,7,132.66,0.57967737,SP,TEMPERED / HUMID,0,0,0
12/14/2008,51,12,1,128.87,0.5801971,SP,TEMPERED / HUMID,0,0,0
12/15/2008,51,12,2,53.34,0.58023997,SP,TEMPERED / HUMID,0,0,0
12/16/2008,51,12,3,90.25,0.57950139,SP,TEMPERED / HUMID,0,0,0
12/17/2008,51,12,4,115,0.644,SP,TEMPERED / HUMID,1,0,0
12/18/2008,51,12,5,81.91,0.57978269,SP,TEMPERED / HUMID,1,0,0
12/19/2008,51,12,6,49.39,0.77991496,SP,TEMPERED / HUMID,0,0,0
12/20/2008,51,12,7,75.68,0.77629493,SP,TEMPERED / HUMID,0,0,0
12/21/2008,51,12,1,68,0.77161765,SP,TEMPERED / HUMID,0,0,0
12/22/2008,51,12,2,41.33,0.78030486,SP,TEMPERED / HUMID,0,0,0
12/23/2008,51,12,3,88.51,0.57993447,SP,TEMPERED / HUMID,0,0,0
12/24/2008,51,12,4,129.47,0.48907083,SP,TEMPERED / HUMID,0,0,0
12/26/2008,51,12,6,35.93,0.57973838,SP,TEMPERED / HUMID,1,0,0
12/27/2008,51,12,7,37.34,0.44965185,SP,TEMPERED / HUMID,1,0,0
12/28/2008,51,12,1,42.63,0.57166315,SP,TEMPERED / HUMID,0,0,0
12/29/2008,51,12,2,29.98,0.57938626,SP,TEMPERED / HUMID,0,0,0
12/30/2008,51,12,3,77.7,0.5992278,SP,TEMPERED / HUMID,1,0,0
12/31/2008,51,12,4,105.61,0.65107471,SP,TEMPERED / HUMID,1,0,0
1/02/2009,51,1,6,200.01,0.679966,SP,TEMPERED / HUMID,0,0,0
1/04/2009,51,1,1,272.72,0.77299061,SP,TEMPERED / HUMID,1,0,0
1/06/2009,51,1,3,153.4,0.77281617,SP,TEMPERED / HUMID,0,0,0
1/07/2009,51,1,4,322.59,0.40308131,SP,TEMPERED / HUMID,1,0,0
1/08/2009,51,1,5,331.95,0.68016268,SP,TEMPERED / HUMID,0,0,0
1/13/2009,51,1,3,115.34,0.78012832,SP,TEMPERED / HUMID,0,0,0
1/14/2009,51,1,4,117.68,0.7799966,SP,TEMPERED / HUMID,0,0,0
1/15/2009,51,1,5,65.77,0.77999088,SP,TEMPERED / HUMID,0,0,0
1/16/2009,51,1,6,148.48,0.77983567,SP,TEMPERED / HUMID,0,0,0
1/17/2009,51,1,7,72.32,0.88993363,SP,TEMPERED / HUMID,0,0,0
1/18/2009,51,1,1,60.9,0.88965517,SP,TEMPERED / HUMID,0,0,0
1/19/2009,51,1,2,74.09,0.89013362,SP,TEMPERED / HUMID,0,0,0
1/20/2009,51,1,3,109.87,0.7518886,SP,TEMPERED / HUMID,0,0,0
1/21/2009,51,1,4,203.16,0.74601299,SP,TEMPERED / HUMID,1,0,0
1/22/2009,51,1,5,91.32,1.07939115,SP,TEMPERED / HUMID,0,0,0
1/23/2009,51,1,6,74.5,0.76174497,SP,TEMPERED / HUMID,1,0,0
1/24/2009,51,1,7,96.39,0.74437182,SP,TEMPERED / HUMID,1,0,0
1/25/2009,51,1,1,63.77,0.75035283,SP,TEMPERED / HUMID,1,0,0
1/26/2009,51,1,2,85.58,0.88034588,SP,TEMPERED / HUMID,0,0,1
1/27/2009,51,1,3,93.78,0.82992109,SP,TEMPERED / HUMID,0,0,1
1/28/2009,51,1,4,88.17,0.88023137,SP,TEMPERED / HUMID,0,0,1
1/29/2009,51,1,5,78.42,0.8800051,SP,TEMPERED / HUMID,0,0,1
1/30/2009,51,1,6,87.36,0.88038004,SP,TEMPERED / HUMID,0,0,1
1/31/2009,51,1,7,135.07,0.68031391,SP,TEMPERED / HUMID,0,0,1
2/01/2009,51,2,1,210.97,0.56662085,SP,TEMPERED / HUMID,0,0,1
2/02/2009,51,2,2,197.05,0.67800051,SP,TEMPERED / HUMID,0,0,1
2/04/2009,51,2,4,144.37,0.59015031,SP,TEMPERED / HUMID,1,0,1
2/05/2009,51,2,5,267.33,0.68002095,SP,TEMPERED / HUMID,1,0,1
2/06/2009,51,2,6,76.46,0.77138373,SP,TEMPERED / HUMID,0,0,1
2/07/2009,51,2,7,176.41,0.44005442,SP,TEMPERED / HUMID,1,0,1
2/08/2009,51,2,1,133.32,0.67964296,SP,TEMPERED / HUMID,0,0,1
2/13/2009,51,2,6,142.87,0.78014979,SP,TEMPERED / HUMID,0,0,1
2/14/2009,51,2,7,125.72,0.77982819,SP,TEMPERED / HUMID,0,0,1
2/15/2009,51,2,1,123.95,0.77999193,SP,TEMPERED / HUMID,0,0,1
2/16/2009,51,2,2,94.6,0.76331924,SP,TEMPERED / HUMID,0,0,1
2/17/2009,51,2,3,115.39,0.67822168,SP,TEMPERED / HUMID,0,0,1
2/18/2009,51,2,4,264.85,0.55997735,SP,TEMPERED / HUMID,1,0,1
2/19/2009,51,2,5,39.14,0.56029637,SP,TEMPERED / HUMID,1,0,1
2/20/2009,51,2,6,168.72,0.74994073,SP,TEMPERED / HUMID,1,0,1
2/21/2009,51,2,7,159.49,0.75014107,SP,TEMPERED / HUMID,1,0,1
2/22/2009,51,2,1,64.06,0.74960974,SP,TEMPERED / HUMID,1,0,1
2/23/2009,51,2,2,33.8,0.75029586,SP,TEMPERED / HUMID,1,0,1
2/24/2009,51,2,3,64.58,0.74202539,SP,TEMPERED / HUMID,1,0,1
2/25/2009,51,2,4,878.03,0.57654066,SP,TEMPERED / HUMID,1,0,1
2/26/2009,51,2,5,304,0.62358553,SP,TEMPERED / HUMID,1,0,1
2/27/2009,51,2,6,270.76,0.57999705,SP,TEMPERED / HUMID,1,0,1
2/28/2009,51,2,7,216.53,0.6798596,SP,TEMPERED / HUMID,0,0,1
3/01/2009,51,3,1,60.74,0.77988146,SP,TEMPERED / HUMID,0,0,1
3/02/2009,51,3,2,92.67,0.77597928,SP,TEMPERED / HUMID,0,0,1
3/04/2009,51,3,4,125.01,0.77985761,SP,TEMPERED / HUMID,1,0,1
3/05/2009,51,3,5,195.87,0.68009394,SP,TEMPERED / HUMID,1,0,1
3/06/2009,51,3,6,137.57,0.51377481,SP,TEMPERED / HUMID,1,0,1
3/07/2009,51,3,7,216.44,0.44016818,SP,TEMPERED / HUMID,1,0,1
3/08/2009,51,3,1,136.3,0.67542186,SP,TEMPERED / HUMID,0,0,1
4/01/2009,51,4,4,65.44,0.78040954,SP,TEMPERED / HUMID,0,0,1
4/02/2009,51,4,5,139.86,0.67546118,SP,TEMPERED / HUMID,1,0,1
4/04/2009,51,4,7,152.52,0.78022554,SP,TEMPERED / HUMID,1,0,1
4/05/2009,51,4,1,127.04,0.75464421,SP,TEMPERED / HUMID,1,0,1
4/06/2009,51,4,2,59.14,0.47970916,SP,TEMPERED / HUMID,1,0,1
4/07/2009,51,4,3,177.57,0.57988399,SP,TEMPERED / HUMID,1,0,1
4/08/2009,51,4,4,241.59,0.29773583,SP,TEMPERED / HUMID,1,0,1
4/13/2009,51,4,2,146.99,0.77359004,SP,TEMPERED / HUMID,0,0,1
4/14/2009,51,4,3,88.87,0.77618994,SP,TEMPERED / HUMID,0,0,1
4/15/2009,51,4,4,373.79,0.56994569,SP,TEMPERED / HUMID,1,0,1
4/16/2009,51,4,5,138.35,0.57000361,SP,TEMPERED / HUMID,1,0,1
4/17/2009,51,4,6,58.61,0.67957686,SP,TEMPERED / HUMID,1,0,1
4/18/2009,51,4,7,159.65,0.67892264,SP,TEMPERED / HUMID,1,0,1
4/19/2009,51,4,1,72.38,0.67988395,SP,TEMPERED / HUMID,1,0,1
4/20/2009,51,4,2,88.16,0.77631579,SP,TEMPERED / HUMID,0,0,1
4/21/2009,51,4,3,144.17,0.76222515,SP,TEMPERED / HUMID,0,0,1
4/22/2009,51,4,4,154.95,0.58018716,SP,TEMPERED / HUMID,1,0,1
4/23/2009,51,4,5,187.93,0.5800564,SP,TEMPERED / HUMID,1,0,1
4/24/2009,51,4,6,174.69,0.72677314,SP,TEMPERED / HUMID,0,0,1
4/25/2009,51,4,7,123.51,0.77969395,SP,TEMPERED / HUMID,0,0,1
4/26/2009,51,4,1,162.15,0.77983349,SP,TEMPERED / HUMID,0,0,1
4/27/2009,51,4,2,95.21,0.76977208,SP,TEMPERED / HUMID,0,0,1
4/28/2009,51,4,3,65.08,0.77980947,SP,TEMPERED / HUMID,0,0,1
4/29/2009,51,4,4,219.84,0.57933042,SP,TEMPERED / HUMID,1,0,1
4/30/2009,51,4,5,119.91,0.57993495,SP,TEMPERED / HUMID,1,0,1
5/01/2009,51,5,6,62.17,0.78011903,SP,TEMPERED / HUMID,0,0,1
5/02/2009,51,5,7,111.51,0.6800287,SP,TEMPERED / HUMID,1,0,1
5/04/2009,51,5,2,135.3,0.7796748,SP,TEMPERED / HUMID,1,0,1
5/05/2009,51,5,3,66.49,0.8440367,SP,TEMPERED / HUMID,1,0,1
5/06/2009,51,5,4,41.98,0.77989519,SP,TEMPERED / HUMID,1,0,1
5/07/2009,51,5,5,124.25,0.58020121,SP,TEMPERED / HUMID,0,0,1
5/08/2009,51,5,6,382.52,0.44013385,SP,TEMPERED / HUMID,1,0,1
5/13/2009,51,5,4,136.51,0.57578199,SP,TEMPERED / HUMID,1,0,1
5/14/2009,51,5,5,62.83,0.57950024,SP,TEMPERED / HUMID,1,0,1
5/15/2009,51,5,6,83.1,0.71239471,SP,TEMPERED / HUMID,0,0,1
5/16/2009,51,5,7,71.71,0.7892902,SP,TEMPERED / HUMID,0,0,1
5/17/2009,51,5,1,81.74,0.78052361,SP,TEMPERED / HUMID,0,0,1
5/18/2009,51,5,2,66.16,0.82028416,SP,TEMPERED / HUMID,0,0,1
5/19/2009,51,5,3,60.83,0.67713299,SP,TEMPERED / HUMID,0,0,1
5/20/2009,51,5,4,384.96,0.54997922,SP,TEMPERED / HUMID,1,0,1
5/21/2009,51,5,5,119.03,0.55011342,SP,TEMPERED / HUMID,1,0,1
5/22/2009,51,5,6,134.76,0.67994954,SP,TEMPERED / HUMID,0,0,1
5/23/2009,51,5,7,133.6,0.78008982,SP,TEMPERED / HUMID,0,0,1
5/24/2009,51,5,1,60.24,0.77988048,SP,TEMPERED / HUMID,0,0,1
5/25/2009,51,5,2,41.48,0.54749277,SP,TEMPERED / HUMID,1,0,1
5/26/2009,51,5,3,34.33,0.77337606,SP,TEMPERED / HUMID,1,0,1
5/27/2009,51,5,4,285.49,0.54972153,SP,TEMPERED / HUMID,1,0,1
5/28/2009,51,5,5,87.04,0.54894301,SP,TEMPERED / HUMID,1,0,1
5/29/2009,51,5,6,33.9,0.67964602,SP,TEMPERED / HUMID,0,0,1
5/30/2009,51,5,7,140.61,0.77988763,SP,TEMPERED / HUMID,0,0,1
5/31/2009,51,5,1,148.41,0.77993397,SP,TEMPERED / HUMID,0,0,1
6/01/2009,51,6,2,38.65,0.75730918,SP,TEMPERED / HUMID,0,0,1
6/02/2009,51,6,3,138.79,0.87996253,SP,TEMPERED / HUMID,0,0,1
6/04/2009,51,6,5,102.88,0.77993779,SP,TEMPERED / HUMID,0,0,1
6/05/2009,51,6,6,326.33,0.44994331,SP,TEMPERED / HUMID,1,0,1
6/06/2009,51,6,7,157.2,0.67983461,SP,TEMPERED / HUMID,1,0,1
6/07/2009,51,6,1,107.22,0.56761798,SP,TEMPERED / HUMID,0,0,1
6/08/2009,51,6,2,196.54,0.43996133,SP,TEMPERED / HUMID,1,0,1
6/13/2009,51,6,7,78.23,0.88022498,SP,TEMPERED / HUMID,0,0,1
6/14/2009,51,6,1,60.76,0.87985517,SP,TEMPERED / HUMID,0,0,1
6/15/2009,51,6,2,49.99,0.87977596,SP,TEMPERED / HUMID,0,0,1
6/16/2009,51,6,3,81.14,0.7277545,SP,TEMPERED / HUMID,0,0,1
6/17/2009,51,6,4,131.06,0.58034488,SP,TEMPERED / HUMID,1,0,1
6/18/2009,51,6,5,55.02,0.44020356,SP,TEMPERED / HUMID,1,0,1
6/19/2009,51,6,6,103.79,0.58021004,SP,TEMPERED / HUMID,1,0,1
6/20/2009,51,6,7,207.03,0.58030237,SP,TEMPERED / HUMID,1,0,1
6/21/2009,51,6,1,64.24,0.58001245,SP,TEMPERED / HUMID,1,0,1
6/22/2009,51,6,2,38.64,0.76526915,SP,TEMPERED / HUMID,0,0,1
6/23/2009,51,6,3,79.67,0.77306389,SP,TEMPERED / HUMID,0,0,1
6/24/2009,51,6,4,347.98,0.43991034,SP,TEMPERED / HUMID,1,0,1
6/25/2009,51,6,5,170.78,0.44027404,SP,TEMPERED / HUMID,1,0,1
6/27/2009,51,6,7,174.67,0.78015687,SP,TEMPERED / HUMID,1,0,1
6/28/2009,51,6,1,125.06,0.78026547,SP,TEMPERED / HUMID,1,0,1
6/29/2009,51,6,2,70.42,0.77989208,SP,TEMPERED / HUMID,0,0,1
6/30/2009,51,6,3,96.82,0.69014666,SP,TEMPERED / HUMID,0,1,1
7/01/2009,51,7,4,299.5,0.75158598,SP,TEMPERED / HUMID,1,1,1
7/02/2009,51,7,5,131.07,0.77981231,SP,TEMPERED / HUMID,0,1,1
7/04/2009,51,7,7,119.73,0.7768312,SP,TEMPERED / HUMID,0,1,1
7/05/2009,51,7,1,300.7,0.5800133,SP,TEMPERED / HUMID,1,1,1
7/06/2009,51,7,2,102.95,0.68033026,SP,TEMPERED / HUMID,1,1,1
7/07/2009,51,7,3,63.15,0.78052257,SP,TEMPERED / HUMID,0,1,1
7/08/2009,51,7,4,64.08,0.77996255,SP,TEMPERED / HUMID,1,1,1
7/13/2009,51,7,2,74.47,0.78031422,SP,TEMPERED / HUMID,0,1,1
7/14/2009,51,7,3,75.27,0.76218945,SP,TEMPERED / HUMID,1,1,1
7/15/2009,51,7,4,897.06,0.29008093,SP,TEMPERED / HUMID,1,1,1
7/16/2009,51,7,5,648,0.29,SP,TEMPERED / HUMID,1,1,1
7/17/2009,51,7,6,161,0.67993789,SP,TEMPERED / HUMID,0,1,1
7/18/2009,51,7,7,239.73,0.78008593,SP,TEMPERED / HUMID,0,1,1
7/19/2009,51,7,1,139.41,0.78007317,SP,TEMPERED / HUMID,0,1,1
7/20/2009,51,7,2,134.59,0.77806672,SP,TEMPERED / HUMID,0,1,1
7/21/2009,51,7,3,91.89,0.820111,SP,TEMPERED / HUMID,0,1,1
7/22/2009,51,7,4,332.3,0.45010533,SP,TEMPERED / HUMID,1,1,1
7/23/2009,51,7,5,164.74,0.44998179,SP,TEMPERED / HUMID,1,1,1
7/24/2009,51,7,6,112.11,0.82035501,SP,TEMPERED / HUMID,0,1,1
7/25/2009,51,7,7,120.31,0.77990192,SP,TEMPERED / HUMID,0,1,1
7/26/2009,51,7,1,107.62,0.77996655,SP,TEMPERED / HUMID,0,1,1
7/27/2009,51,7,2,78.59,0.76981804,SP,TEMPERED / HUMID,0,1,1
7/28/2009,51,7,3,68.08,0.7730611,SP,TEMPERED / HUMID,0,1,1
7/29/2009,51,7,4,502.17,0.37001414,SP,TEMPERED / HUMID,1,1,1
7/30/2009,51,7,5,73.52,0.36996736,SP,TEMPERED / HUMID,1,1,1
7/31/2009,51,7,6,110.23,0.78018688,SP,TEMPERED / HUMID,0,1,1
8/01/2009,51,8,7,118.1,0.77806943,SP,TEMPERED / HUMID,1,1,1
8/02/2009,51,8,1,155.57,0.78016327,SP,TEMPERED / HUMID,0,1,1
8/04/2009,51,8,3,371.39,0.58806107,SP,TEMPERED / HUMID,1,1,1
8/05/2009,51,8,4,123.74,0.84968482,SP,TEMPERED / HUMID,1,1,1
8/06/2009,51,8,5,95.18,0.67986972,SP,TEMPERED / HUMID,0,1,1
8/07/2009,51,8,6,263.88,0.36615128,SP,TEMPERED / HUMID,1,1,1
8/08/2009,51,8,7,152.2,0.68002628,SP,TEMPERED / HUMID,1,1,1
8/13/2009,51,8,5,277.96,0.44002734,SP,TEMPERED / HUMID,1,1,1
8/14/2009,51,8,6,108.21,0.78024212,SP,TEMPERED / HUMID,0,1,1
8/15/2009,51,8,7,196.91,0.7800518,SP,TEMPERED / HUMID,0,1,1
8/16/2009,51,8,1,128.62,0.77997201,SP,TEMPERED / HUMID,0,1,1
8/17/2009,51,8,2,155.87,0.74882915,SP,TEMPERED / HUMID,0,1,1
8/18/2009,51,8,3,113.5,0.71770925,SP,TEMPERED / HUMID,0,1,1
8/19/2009,51,8,4,405.01,0.38011407,SP,TEMPERED / HUMID,1,1,1
8/20/2009,51,8,5,161.96,0.38009385,SP,TEMPERED / HUMID,1,1,1
8/21/2009,51,8,6,42.95,0.77951106,SP,TEMPERED / HUMID,0,1,1
8/22/2009,51,8,7,159.95,0.77986871,SP,TEMPERED / HUMID,0,1,1
8/23/2009,51,8,1,99.96,0.78041216,SP,TEMPERED / HUMID,0,1,1
8/24/2009,51,8,2,119.2,0.77592282,SP,TEMPERED / HUMID,0,1,1
8/25/2009,51,8,3,105.6,0.7686553,SP,TEMPERED / HUMID,0,1,1
8/26/2009,51,8,4,384.87,0.47109414,SP,TEMPERED / HUMID,1,1,1
8/27/2009,51,8,5,37,0.46,SP,TEMPERED / HUMID,1,1,1
8/31/2009,51,8,2,34.19,0.77976016,SP,TEMPERED / HUMID,0,1,1
9/01/2009,51,9,3,105.5,0.78018957,SP,TEMPERED / HUMID,0,1,1
9/02/2009,51,9,4,117.96,0.76610715,SP,TEMPERED / HUMID,0,1,1
9/04/2009,51,9,6,167.89,0.5800822,SP,TEMPERED / HUMID,1,1,1
9/05/2009,51,9,7,99.7,0.68044132,SP,TEMPERED / HUMID,1,1,1
9/06/2009,51,9,1,91.51,0.77106327,SP,TEMPERED / HUMID,0,1,1
9/07/2009,51,9,2,150.28,0.33018366,SP,TEMPERED / HUMID,1,1,1
9/08/2009,51,9,3,78.02,0.67982569,SP,TEMPERED / HUMID,1,1,1
10/01/2009,51,10,5,111.21,0.78014567,SP,TEMPERED / HUMID,0,1,1
10/02/2009,51,10,6,114.16,0.85283812,SP,TEMPERED / HUMID,0,1,1
10/04/2009,51,10,1,238.21,0.58994165,SP,TEMPERED / HUMID,1,1,1
10/05/2009,51,10,2,97.53,0.6803035,SP,TEMPERED / HUMID,0,1,1
10/06/2009,51,10,3,1011.97,0.28495904,SP,TEMPERED / HUMID,1,1,1
10/07/2009,51,10,4,97.89,0.48901829,SP,TEMPERED / HUMID,1,1,1
10/08/2009,51,10,5,103.83,0.67225272,SP,TEMPERED / HUMID,0,1,1
11/01/2009,51,11,1,62.93,0.78070872,SP,TEMPERED / HUMID,0,1,1
11/02/2009,51,11,2,105.92,0.59535498,SP,TEMPERED / HUMID,1,1,1
11/04/2009,51,11,4,191.42,0.59016822,SP,TEMPERED / HUMID,1,1,1
11/05/2009,51,11,5,58.56,0.68032787,SP,TEMPERED / HUMID,0,1,1
11/06/2009,51,11,6,154.13,0.77992604,SP,TEMPERED / HUMID,0,1,1
11/07/2009,51,11,7,170.82,0.48998946,SP,TEMPERED / HUMID,1,1,1
11/08/2009,51,11,1,146.37,0.66482203,SP,TEMPERED / HUMID,0,1,1
12/01/2009,51,12,3,117.64,0.77983679,SP,TEMPERED / HUMID,0,1,1
12/02/2009,51,12,4,103.73,0.56994119,SP,TEMPERED / HUMID,1,1,1
12/04/2009,51,12,6,171.94,0.58968245,SP,TEMPERED / HUMID,1,1,1
12/05/2009,51,12,7,57.55,0.77410947,SP,TEMPERED / HUMID,0,1,1
12/06/2009,51,12,1,62.2,0.78006431,SP,TEMPERED / HUMID,0,1,1
12/07/2009,51,12,2,156.72,0.49030117,SP,TEMPERED / HUMID,1,1,1
12/08/2009,51,12,3,814.58,0.37999951,SP,TEMPERED / HUMID,1,1,1
1/07/2008,86,1,2,56.9,2.79050967,AM,EQUATORIAL / HOT / HUMID,0,0,0
1/08/2008,86,1,3,64.31,2.58979941,AM,EQUATORIAL / HOT / HUMID,1,0,0
1/09/2008,86,1,4,35.88,2.80072464,AM,EQUATORIAL / HOT / HUMID,0,0,0
1/10/2008,86,1,5,17.27,2.29067748,AM,EQUATORIAL / HOT / HUMID,0,0,0
1/11/2008,86,1,6,58.39,1.98972427,AM,EQUATORIAL / HOT / HUMID,1,0,0
1/12/2008,86,1,7,52.68,2.79062263,AM,EQUATORIAL / HOT / HUMID,0,0,0
2/07/2008,86,2,5,77.84,2.48997945,AM,EQUATORIAL / HOT / HUMID,1,0,0
2/08/2008,86,2,6,79.77,2.8001755,AM,EQUATORIAL / HOT / HUMID,1,0,0
2/09/2008,86,2,7,23.97,2.80058406,AM,EQUATORIAL / HOT / HUMID,1,0,0
2/10/2008,86,2,1,9.33,2.2926045,AM,EQUATORIAL / HOT / HUMID,0,0,0
2/11/2008,86,2,2,32.26,1.8899566,AM,EQUATORIAL / HOT / HUMID,1,0,0
2/12/2008,86,2,3,38.55,2.29053178,AM,EQUATORIAL / HOT / HUMID,0,0,0
3/07/2008,86,3,6,86.02,2.80062776,AM,EQUATORIAL / HOT / HUMID,0,0,0
3/08/2008,86,3,7,45.37,2.80008816,AM,EQUATORIAL / HOT / HUMID,1,0,0
3/09/2008,86,3,1,37.45,1.78985314,AM,EQUATORIAL / HOT / HUMID,1,0,0
3/10/2008,86,3,2,7.29,2.69135802,AM,EQUATORIAL / HOT / HUMID,0,0,0
3/11/2008,86,3,3,20.37,1.93912617,AM,EQUATORIAL / HOT / HUMID,1,0,0
3/12/2008,86,3,4,43.12,2.28965677,AM,EQUATORIAL / HOT / HUMID,1,0,0
4/07/2008,86,4,2,42.86,2.58959403,AM,EQUATORIAL / HOT / HUMID,0,0,0
4/08/2008,86,4,3,46.46,2.33426604,AM,EQUATORIAL / HOT / HUMID,1,0,0
4/09/2008,86,4,4,27.85,2.69012567,AM,EQUATORIAL / HOT / HUMID,0,0,0
4/10/2008,86,4,5,5.59,2.490161,AM,EQUATORIAL / HOT / HUMID,0,0,0
4/11/2008,86,4,6,16.89,1.98934281,AM,EQUATORIAL / HOT / HUMID,1,0,0
5/07/2008,86,5,4,63.61,2.58984436,AM,EQUATORIAL / HOT / HUMID,0,0,0
5/08/2008,86,5,5,141,2.04964539,AM,EQUATORIAL / HOT / HUMID,1,0,0
5/09/2008,86,5,6,25.88,1.89026275,AM,EQUATORIAL / HOT / HUMID,1,0,0
5/12/2008,86,5,2,62.59,2.28998243,AM,EQUATORIAL / HOT / HUMID,0,0,0
6/07/2008,86,6,7,40.13,2.58983304,AM,EQUATORIAL / HOT / HUMID,0,0,0
6/08/2008,86,6,1,211.75,1.78016529,AM,EQUATORIAL / HOT / HUMID,1,0,0
6/09/2008,86,6,2,52.02,1.89023453,AM,EQUATORIAL / HOT / HUMID,1,0,0
6/10/2008,86,6,3,1.26,2.5,AM,EQUATORIAL / HOT / HUMID,0,0,0
6/11/2008,86,6,4,51.64,2.39988381,AM,EQUATORIAL / HOT / HUMID,0,0,0
6/12/2008,86,6,5,113.14,1.98028991,AM,EQUATORIAL / HOT / HUMID,1,0,0
7/07/2008,86,7,2,33.78,2.59029011,AM,EQUATORIAL / HOT / HUMID,0,0,0
7/08/2008,86,7,3,58.44,2.47535934,AM,EQUATORIAL / HOT / HUMID,1,0,0
7/09/2008,86,7,4,29.38,1.890742,AM,EQUATORIAL / HOT / HUMID,1,0,0
7/10/2008,86,7,5,1.13,2.38938053,AM,EQUATORIAL / HOT / HUMID,0,0,0
7/11/2008,86,7,6,63.07,2.29047091,AM,EQUATORIAL / HOT / HUMID,0,0,0
7/12/2008,86,7,7,40.21,2.29022631,AM,EQUATORIAL / HOT / HUMID,1,0,0
7/13/2008,86,7,1,41.8,2.58923445,AM,EQUATORIAL / HOT / HUMID,0,0,0
7/14/2008,86,7,2,27.1,2.59077491,AM,EQUATORIAL / HOT / HUMID,0,0,0
7/15/2008,86,7,3,38.03,2.59032343,AM,EQUATORIAL / HOT / HUMID,0,0,0
7/16/2008,86,7,4,174.25,1.89032999,AM,EQUATORIAL / HOT / HUMID,1,0,0
7/17/2008,86,7,5,29.57,2.59012513,AM,EQUATORIAL / HOT / HUMID,0,0,0
7/18/2008,86,7,6,44.46,2.38866397,AM,EQUATORIAL / HOT / HUMID,1,0,0
7/19/2008,86,7,7,63.68,2.50816583,AM,EQUATORIAL / HOT / HUMID,1,0,0
7/20/2008,86,7,1,27.13,2.59012164,AM,EQUATORIAL / HOT / HUMID,0,0,0
7/21/2008,86,7,2,44.58,2.59039928,AM,EQUATORIAL / HOT / HUMID,0,0,0
7/22/2008,86,7,3,68.89,2.5905066,AM,EQUATORIAL / HOT / HUMID,0,0,0
7/23/2008,86,7,4,258.21,1.48634832,AM,EQUATORIAL / HOT / HUMID,1,0,0
7/24/2008,86,7,5,37.12,2.58970905,AM,EQUATORIAL / HOT / HUMID,0,0,0
7/25/2008,86,7,6,66.6,2.37717718,AM,EQUATORIAL / HOT / HUMID,1,0,0
7/26/2008,86,7,7,126.41,1.8534135,AM,EQUATORIAL / HOT / HUMID,1,0,0
7/27/2008,86,7,1,52.18,1.84955922,AM,EQUATORIAL / HOT / HUMID,1,0,0
7/28/2008,86,7,2,93.89,1.8503568,AM,EQUATORIAL / HOT / HUMID,1,0,0
7/29/2008,86,7,3,70.69,2.19083322,AM,EQUATORIAL / HOT / HUMID,1,0,0
7/30/2008,86,7,4,77.29,2.58946824,AM,EQUATORIAL / HOT / HUMID,0,0,0
7/31/2008,86,7,5,41.1,2.5486618,AM,EQUATORIAL / HOT / HUMID,1,0,0
8/07/2008,86,8,5,30.8,2.58961039,AM,EQUATORIAL / HOT / HUMID,0,0,0
8/08/2008,86,8,6,71.84,2.76057906,AM,EQUATORIAL / HOT / HUMID,1,0,0
8/09/2008,86,8,7,29.68,1.88948787,AM,EQUATORIAL / HOT / HUMID,1,0,0
8/10/2008,86,8,1,1.59,1.89937107,AM,EQUATORIAL / HOT / HUMID,0,0,0
8/11/2008,86,8,2,147.51,1.94996949,AM,EQUATORIAL / HOT / HUMID,1,0,0
8/13/2008,86,8,4,163.76,1.78999756,AM,EQUATORIAL / HOT / HUMID,1,0,0
8/14/2008,86,8,5,69.32,2.75836699,AM,EQUATORIAL / HOT / HUMID,0,0,0
8/15/2008,86,8,6,63.06,2.80050745,AM,EQUATORIAL / HOT / HUMID,0,0,0
8/16/2008,86,8,7,45.92,2.69729965,AM,EQUATORIAL / HOT / HUMID,1,0,0
8/17/2008,86,8,1,17.68,2.2918552,AM,EQUATORIAL / HOT / HUMID,1,0,0
8/18/2008,86,8,2,9.65,2.29119171,AM,EQUATORIAL / HOT / HUMID,1,0,0
8/19/2008,86,8,3,28.74,2.79993041,AM,EQUATORIAL / HOT / HUMID,0,0,0
8/20/2008,86,8,4,181.64,1.98029068,AM,EQUATORIAL / HOT / HUMID,1,0,0
8/21/2008,86,8,5,103.72,1.98013884,AM,EQUATORIAL / HOT / HUMID,1,0,0
8/22/2008,86,8,6,93.62,2.28081606,AM,EQUATORIAL / HOT / HUMID,1,0,0
8/23/2008,86,8,7,102.01,2.27193412,AM,EQUATORIAL / HOT / HUMID,1,0,0
8/24/2008,86,8,1,48.44,2.29004955,AM,EQUATORIAL / HOT / HUMID,1,0,0
8/25/2008,86,8,2,24.39,2.28946289,AM,EQUATORIAL / HOT / HUMID,1,0,0
8/26/2008,86,8,3,18.64,2.62446352,AM,EQUATORIAL / HOT / HUMID,1,0,0
8/27/2008,86,8,4,84.66,2.3258918,AM,EQUATORIAL / HOT / HUMID,1,0,0
8/28/2008,86,8,5,47.18,2.4898262,AM,EQUATORIAL / HOT / HUMID,0,0,0
8/29/2008,86,8,6,39.1,2.35063939,AM,EQUATORIAL / HOT / HUMID,1,0,0
8/30/2008,86,8,7,72.58,2.80008267,AM,EQUATORIAL / HOT / HUMID,1,0,0
8/31/2008,86,8,1,25.83,2.80023229,AM,EQUATORIAL / HOT / HUMID,1,0,0
9/07/2008,86,9,1,53.6,2.88973881,AM,EQUATORIAL / HOT / HUMID,0,0,0
9/08/2008,86,9,2,105.94,2.79988673,AM,EQUATORIAL / HOT / HUMID,1,0,0
9/09/2008,86,9,3,10.71,2.59010271,AM,EQUATORIAL / HOT / HUMID,0,0,0
9/10/2008,86,9,4,40.19,1.89848221,AM,EQUATORIAL / HOT / HUMID,0,0,0
9/11/2008,86,9,5,91.27,1.94981922,AM,EQUATORIAL / HOT / HUMID,1,0,0
9/12/2008,86,9,6,25.41,2.29004329,AM,EQUATORIAL / HOT / HUMID,0,0,0
9/13/2008,86,9,7,47.59,2.27253625,AM,EQUATORIAL / HOT / HUMID,1,0,0
9/14/2008,86,9,1,23.43,2.29022621,AM,EQUATORIAL / HOT / HUMID,1,0,0
9/15/2008,86,9,2,14.7,2.59115646,AM,EQUATORIAL / HOT / HUMID,0,0,0
9/16/2008,86,9,3,38.98,2.59030272,AM,EQUATORIAL / HOT / HUMID,0,0,0
9/17/2008,86,9,4,76.05,2.28507561,AM,EQUATORIAL / HOT / HUMID,1,0,0
9/18/2008,86,9,5,17.8,2.33202247,AM,EQUATORIAL / HOT / HUMID,1,0,0
9/19/2008,86,9,6,20.69,2.28999517,AM,EQUATORIAL / HOT / HUMID,1,0,0
9/20/2008,86,9,7,56.96,1.6130618,AM,EQUATORIAL / HOT / HUMID,1,0,0
9/21/2008,86,9,1,32.55,1.58033794,AM,EQUATORIAL / HOT / HUMID,1,0,0
9/22/2008,86,9,2,17.01,1.58024691,AM,EQUATORIAL / HOT / HUMID,1,0,0
9/23/2008,86,9,3,19.12,2.2667364,AM,EQUATORIAL / HOT / HUMID,1,0,0
9/24/2008,86,9,4,98.41,1.68966568,AM,EQUATORIAL / HOT / HUMID,1,0,0
9/25/2008,86,9,5,53.34,2.31083615,AM,EQUATORIAL / HOT / HUMID,1,0,0
9/26/2008,86,9,6,11.43,2.43657043,AM,EQUATORIAL / HOT / HUMID,0,0,0
9/27/2008,86,9,7,66.01,1.79927284,AM,EQUATORIAL / HOT / HUMID,1,0,0
9/28/2008,86,9,1,29.14,1.58991078,AM,EQUATORIAL / HOT / HUMID,1,0,0
9/29/2008,86,9,2,17.83,2.95064498,AM,EQUATORIAL / HOT / HUMID,1,0,0
9/30/2008,86,9,3,8.37,2.29032258,AM,EQUATORIAL / HOT / HUMID,1,0,0
10/07/2008,86,10,3,27.54,2.89034132,AM,EQUATORIAL / HOT / HUMID,0,0,0
10/08/2008,86,10,4,20.2,2.8,AM,EQUATORIAL / HOT / HUMID,1,0,0
10/09/2008,86,10,5,167.8,1.77997616,AM,EQUATORIAL / HOT / HUMID,1,0,0
10/10/2008,86,10,6,37.38,1.99036918,AM,EQUATORIAL / HOT / HUMID,0,0,0
10/11/2008,86,10,7,51.1,2.80058708,AM,EQUATORIAL / HOT / HUMID,0,0,0
10/12/2008,86,10,1,208.06,1.85004326,AM,EQUATORIAL / HOT / HUMID,1,0,0
10/13/2008,86,10,2,36.05,2.28959778,AM,EQUATORIAL / HOT / HUMID,1,0,0
10/14/2008,86,10,3,22.92,2.80061082,AM,EQUATORIAL / HOT / HUMID,0,0,0
10/15/2008,86,10,4,17.65,2.28555241,AM,EQUATORIAL / HOT / HUMID,1,0,0
10/16/2008,86,10,5,20.45,2.800978,AM,EQUATORIAL / HOT / HUMID,0,0,0
10/17/2008,86,10,6,29.39,2.48996257,AM,EQUATORIAL / HOT / HUMID,0,0,0
10/18/2008,86,10,7,69.8,2.49011461,AM,EQUATORIAL / HOT / HUMID,0,0,0
10/19/2008,86,10,1,34.87,2.49067967,AM,EQUATORIAL / HOT / HUMID,0,0,0
10/20/2008,86,10,2,25.72,2.48950233,AM,EQUATORIAL / HOT / HUMID,0,0,0
10/21/2008,86,10,3,48.85,2.19037871,AM,EQUATORIAL / HOT / HUMID,0,0,0
10/22/2008,86,10,4,218.76,1.84997257,AM,EQUATORIAL / HOT / HUMID,1,0,0
10/23/2008,86,10,5,77.3,2.19016818,AM,EQUATORIAL / HOT / HUMID,1,0,0
10/24/2008,86,10,6,56.78,2.1900317,AM,EQUATORIAL / HOT / HUMID,0,0,0
10/25/2008,86,10,7,74.14,2.19004586,AM,EQUATORIAL / HOT / HUMID,0,0,0
10/26/2008,86,10,1,7.85,2.18853503,AM,EQUATORIAL / HOT / HUMID,0,0,0
10/27/2008,86,10,2,24.91,2.18988358,AM,EQUATORIAL / HOT / HUMID,0,0,0
10/28/2008,86,10,3,15.43,2.18924174,AM,EQUATORIAL / HOT / HUMID,0,0,0
10/29/2008,86,10,4,52.39,2.48959725,AM,EQUATORIAL / HOT / HUMID,1,0,0
10/30/2008,86,10,5,37.91,2.06647323,AM,EQUATORIAL / HOT / HUMID,1,0,0
10/31/2008,86,10,6,47.57,2.39941139,AM,EQUATORIAL / HOT / HUMID,1,0,0
11/07/2008,86,11,6,12.54,2.29027113,AM,EQUATORIAL / HOT / HUMID,0,0,0
11/08/2008,86,11,7,12.23,2.8004906,AM,EQUATORIAL / HOT / HUMID,0,0,0
11/09/2008,86,11,1,35.41,2.78367693,AM,EQUATORIAL / HOT / HUMID,0,0,0
11/10/2008,86,11,2,50.19,2.29049611,AM,EQUATORIAL / HOT / HUMID,1,0,0
11/11/2008,86,11,3,47.15,2.1902439,AM,EQUATORIAL / HOT / HUMID,0,0,0
11/12/2008,86,11,4,42.89,1.98997435,AM,EQUATORIAL / HOT / HUMID,1,0,0
11/13/2008,86,11,5,76.49,2.31768859,AM,EQUATORIAL / HOT / HUMID,1,0,0
11/14/2008,86,11,6,35.73,2.40106353,AM,EQUATORIAL / HOT / HUMID,0,0,0
11/15/2008,86,11,7,64.26,2.4903517,AM,EQUATORIAL / HOT / HUMID,1,0,0
11/16/2008,86,11,1,26.59,2.49078601,AM,EQUATORIAL / HOT / HUMID,1,0,0
11/17/2008,86,11,2,20.65,2.49007264,AM,EQUATORIAL / HOT / HUMID,1,0,0
11/18/2008,86,11,3,54.11,2.40066531,AM,EQUATORIAL / HOT / HUMID,0,0,0
11/19/2008,86,11,4,166.68,1.9799616,AM,EQUATORIAL / HOT / HUMID,1,0,0
11/20/2008,86,11,5,43.13,2.19986089,AM,EQUATORIAL / HOT / HUMID,1,0,0
11/21/2008,86,11,6,89.63,2.20004463,AM,EQUATORIAL / HOT / HUMID,1,0,0
11/22/2008,86,11,7,80.63,2.28947042,AM,EQUATORIAL / HOT / HUMID,0,0,0
11/23/2008,86,11,1,29.27,2.29005808,AM,EQUATORIAL / HOT / HUMID,0,0,0
11/24/2008,86,11,2,37.17,2.29001883,AM,EQUATORIAL / HOT / HUMID,0,0,0
11/25/2008,86,11,3,19.65,2.28956743,AM,EQUATORIAL / HOT / HUMID,0,0,0
11/26/2008,86,11,4,105.21,1.88004942,AM,EQUATORIAL / HOT / HUMID,1,0,0
11/27/2008,86,11,5,67.89,2.29002799,AM,EQUATORIAL / HOT / HUMID,0,0,0
11/28/2008,86,11,6,30.14,2.29031188,AM,EQUATORIAL / HOT / HUMID,0,0,0
11/29/2008,86,11,7,57.48,2.79001392,AM,EQUATORIAL / HOT / HUMID,0,0,0
11/30/2008,86,11,1,53.75,2.79013953,AM,EQUATORIAL / HOT / HUMID,0,0,0
12/07/2008,86,12,1,65.81,2.59063972,AM,EQUATORIAL / HOT / HUMID,0,0,0
12/08/2008,86,12,2,15.99,2.84990619,AM,EQUATORIAL / HOT / HUMID,0,0,0
12/09/2008,86,12,3,15.88,2.79156171,AM,EQUATORIAL / HOT / HUMID,1,0,0
12/10/2008,86,12,4,23.09,2.2901689,AM,EQUATORIAL / HOT / HUMID,1,0,0
12/11/2008,86,12,5,126.11,1.89009595,AM,EQUATORIAL / HOT / HUMID,1,0,0
12/12/2008,86,12,6,18.84,1.9888535,AM,EQUATORIAL / HOT / HUMID,1,0,0
12/13/2008,86,12,7,5.7,1.99298246,AM,EQUATORIAL / HOT / HUMID,1,0,0
12/14/2008,86,12,1,6.28,1.99044586,AM,EQUATORIAL / HOT / HUMID,1,0,0
12/15/2008,86,12,2,1.14,2.29824561,AM,EQUATORIAL / HOT / HUMID,0,0,0
12/16/2008,86,12,3,37.97,2.29049249,AM,EQUATORIAL / HOT / HUMID,0,0,0
12/17/2008,86,12,4,105.3,1.89088319,AM,EQUATORIAL / HOT / HUMID,1,0,0
12/18/2008,86,12,5,70.13,1.95394268,AM,EQUATORIAL / HOT / HUMID,1,0,0
12/19/2008,86,12,6,24.69,2.28918591,AM,EQUATORIAL / HOT / HUMID,0,0,0
12/20/2008,86,12,7,33.15,2.28868778,AM,EQUATORIAL / HOT / HUMID,0,0,0
12/21/2008,86,12,1,25.25,2.28871287,AM,EQUATORIAL / HOT / HUMID,0,0,0
12/22/2008,86,12,2,25.25,2.28871287,AM,EQUATORIAL / HOT / HUMID,0,0,0
12/23/2008,86,12,3,79.31,1.98915647,AM,EQUATORIAL / HOT / HUMID,1,0,0
12/24/2008,86,12,4,146.6,1.9792633,AM,EQUATORIAL / HOT / HUMID,1,0,0
12/26/2008,86,12,6,64.15,2.48885425,AM,EQUATORIAL / HOT / HUMID,0,0,0
12/27/2008,86,12,7,87.5,2.24937143,AM,EQUATORIAL / HOT / HUMID,0,0,0
12/28/2008,86,12,1,53.65,2.2499534,AM,EQUATORIAL / HOT / HUMID,0,0,0
12/29/2008,86,12,2,60.03,2.2485424,AM,EQUATORIAL / HOT / HUMID,0,0,0
12/30/2008,86,12,3,107.53,1.98837534,AM,EQUATORIAL / HOT / HUMID,1,0,0
12/31/2008,86,12,4,50.5,1.98831683,AM,EQUATORIAL / HOT / HUMID,1,0,0
1/02/2009,86,1,6,73.69,2.58990365,AM,EQUATORIAL / HOT / HUMID,0,0,0
1/04/2009,86,1,1,237.45,1.98909244,AM,EQUATORIAL / HOT / HUMID,1,0,0
1/05/2009,86,1,2,71.63,2.18986458,AM,EQUATORIAL / HOT / HUMID,0,0,0
1/06/2009,86,1,3,53.43,2.78925697,AM,EQUATORIAL / HOT / HUMID,1,0,0
1/07/2009,86,1,4,503.34,0.97967577,AM,EQUATORIAL / HOT / HUMID,1,0,0
1/08/2009,86,1,5,168.9,1.8901717,AM,EQUATORIAL / HOT / HUMID,1,0,0
1/13/2009,86,1,3,27.27,2.58892556,AM,EQUATORIAL / HOT / HUMID,0,0,0
1/14/2009,86,1,4,29.84,2.10187668,AM,EQUATORIAL / HOT / HUMID,1,0,0
1/15/2009,86,1,5,53.95,2.18943466,AM,EQUATORIAL / HOT / HUMID,1,0,0
1/16/2009,86,1,6,105.69,2.18942189,AM,EQUATORIAL / HOT / HUMID,1,0,0
1/17/2009,86,1,7,88.02,2.18938878,AM,EQUATORIAL / HOT / HUMID,1,0,0
1/18/2009,86,1,1,19.97,2.18928393,AM,EQUATORIAL / HOT / HUMID,1,0,0
1/19/2009,86,1,2,11.18,2.19051878,AM,EQUATORIAL / HOT / HUMID,1,0,0
1/20/2009,86,1,3,18.51,2.19016748,AM,EQUATORIAL / HOT / HUMID,1,0,0
1/21/2009,86,1,4,164.78,1.48980459,AM,EQUATORIAL / HOT / HUMID,1,0,0
1/22/2009,86,1,5,56.85,2.59032542,AM,EQUATORIAL / HOT / HUMID,0,0,0
1/23/2009,86,1,6,17.16,2.59207459,AM,EQUATORIAL / HOT / HUMID,0,0,0
1/24/2009,86,1,7,13.07,2.59066565,AM,EQUATORIAL / HOT / HUMID,0,0,0
1/25/2009,86,1,1,15.58,2.59050064,AM,EQUATORIAL / HOT / HUMID,0,0,0
1/26/2009,86,1,2,9.85,2.58984772,AM,EQUATORIAL / HOT / HUMID,0,0,1
1/27/2009,86,1,3,72.71,2.5898776,AM,EQUATORIAL / HOT / HUMID,0,0,1
1/28/2009,86,1,4,189.13,1.87950087,AM,EQUATORIAL / HOT / HUMID,1,0,1
1/29/2009,86,1,5,59.03,2.59020837,AM,EQUATORIAL / HOT / HUMID,0,0,1
1/30/2009,86,1,6,32.47,2.59039113,AM,EQUATORIAL / HOT / HUMID,0,0,1
1/31/2009,86,1,7,116.85,2.5893881,AM,EQUATORIAL / HOT / HUMID,0,0,1
2/01/2009,86,2,1,69.35,2.24931507,AM,EQUATORIAL / HOT / HUMID,0,0,1
2/02/2009,86,2,2,94.15,2.58959108,AM,EQUATORIAL / HOT / HUMID,0,0,1
2/04/2009,86,2,4,90.04,2.68869391,AM,EQUATORIAL / HOT / HUMID,0,0,1
2/05/2009,86,2,5,86.08,2.18947491,AM,EQUATORIAL / HOT / HUMID,0,0,1
2/06/2009,86,2,6,23.73,2.39064475,AM,EQUATORIAL / HOT / HUMID,1,0,1
2/07/2009,86,2,7,97.21,2.4898673,AM,EQUATORIAL / HOT / HUMID,0,0,1
2/08/2009,86,2,1,93.25,1.88986595,AM,EQUATORIAL / HOT / HUMID,1,0,1
2/13/2009,86,2,6,44.72,2.58922182,AM,EQUATORIAL / HOT / HUMID,1,0,1
2/14/2009,86,2,7,31.76,2.48960957,AM,EQUATORIAL / HOT / HUMID,1,0,1
2/15/2009,86,2,1,13.42,2.48956781,AM,EQUATORIAL / HOT / HUMID,1,0,1
2/16/2009,86,2,2,12.46,2.48876404,AM,EQUATORIAL / HOT / HUMID,1,0,1
2/17/2009,86,2,3,128.15,2.48958252,AM,EQUATORIAL / HOT / HUMID,1,0,1
2/18/2009,86,2,4,164.77,2.38969473,AM,EQUATORIAL / HOT / HUMID,1,0,1
2/19/2009,86,2,5,86.05,2.58942475,AM,EQUATORIAL / HOT / HUMID,1,0,1
2/20/2009,86,2,6,54.93,2.58893137,AM,EQUATORIAL / HOT / HUMID,1,0,1
2/21/2009,86,2,7,100.32,2.58961324,AM,EQUATORIAL / HOT / HUMID,1,0,1
2/22/2009,86,2,1,73.39,2.5894536,AM,EQUATORIAL / HOT / HUMID,1,0,1
2/23/2009,86,2,2,79.74,2.58903938,AM,EQUATORIAL / HOT / HUMID,1,0,1
2/24/2009,86,2,3,62.01,2.58942106,AM,EQUATORIAL / HOT / HUMID,1,0,1
2/25/2009,86,2,4,81.46,2.38877977,AM,EQUATORIAL / HOT / HUMID,1,0,1
2/26/2009,86,2,5,78.36,2.68095967,AM,EQUATORIAL / HOT / HUMID,0,0,1
2/27/2009,86,2,6,93.83,2.7892998,AM,EQUATORIAL / HOT / HUMID,1,0,1
2/28/2009,86,2,7,100.85,2.78968765,AM,EQUATORIAL / HOT / HUMID,1,0,1
3/01/2009,86,3,1,148.94,2.28931113,AM,EQUATORIAL / HOT / HUMID,0,0,1
3/02/2009,86,3,2,83.6,2.58947368,AM,EQUATORIAL / HOT / HUMID,1,0,1
3/04/2009,86,3,4,63.28,2.68915929,AM,EQUATORIAL / HOT / HUMID,0,0,1
3/05/2009,86,3,5,43.47,2.19070623,AM,EQUATORIAL / HOT / HUMID,0,0,1
3/06/2009,86,3,6,138.73,2.27960787,AM,EQUATORIAL / HOT / HUMID,1,0,1
3/07/2009,86,3,7,102.87,2.78973462,AM,EQUATORIAL / HOT / HUMID,0,0,1
3/08/2009,86,3,1,65.78,2.79020979,AM,EQUATORIAL / HOT / HUMID,0,0,1
4/01/2009,86,4,4,94.63,2.2890204,AM,EQUATORIAL / HOT / HUMID,0,0,1
4/02/2009,86,4,5,280.14,1.48914828,AM,EQUATORIAL / HOT / HUMID,1,0,1
4/04/2009,86,4,7,125.5,2.68916335,AM,EQUATORIAL / HOT / HUMID,0,0,1
4/05/2009,86,4,1,44.38,2.18814781,AM,EQUATORIAL / HOT / HUMID,0,0,1
4/06/2009,86,4,2,69.65,2.78923187,AM,EQUATORIAL / HOT / HUMID,0,0,1
4/07/2009,86,4,3,142.55,2.78940723,AM,EQUATORIAL / HOT / HUMID,1,0,1
4/08/2009,86,4,4,98.42,2.78998171,AM,EQUATORIAL / HOT / HUMID,0,0,1
4/13/2009,86,4,2,57.29,2.78949206,AM,EQUATORIAL / HOT / HUMID,0,0,1
4/14/2009,86,4,3,52,2.78923077,AM,EQUATORIAL / HOT / HUMID,0,0,1
4/15/2009,86,4,4,137.51,1.97934696,AM,EQUATORIAL / HOT / HUMID,1,0,1
4/16/2009,86,4,5,85.96,1.78920428,AM,EQUATORIAL / HOT / HUMID,1,0,1
4/17/2009,86,4,6,63.51,2.75358211,AM,EQUATORIAL / HOT / HUMID,0,0,1
4/18/2009,86,4,7,77.43,2.78922898,AM,EQUATORIAL / HOT / HUMID,0,0,1
4/19/2009,86,4,1,39.77,2.7897913,AM,EQUATORIAL / HOT / HUMID,0,0,1
4/20/2009,86,4,2,69.02,2.78919154,AM,EQUATORIAL / HOT / HUMID,0,0,1
4/21/2009,86,4,3,22.47,2.78949711,AM,EQUATORIAL / HOT / HUMID,0,0,1
4/22/2009,86,4,4,59.12,2.79008796,AM,EQUATORIAL / HOT / HUMID,0,0,1
4/23/2009,86,4,5,63.8,2.78949843,AM,EQUATORIAL / HOT / HUMID,0,0,1
4/24/2009,86,4,6,65.99,2.70040915,AM,EQUATORIAL / HOT / HUMID,0,0,1
4/25/2009,86,4,7,143.2,1.95614525,AM,EQUATORIAL / HOT / HUMID,1,0,1
4/26/2009,86,4,1,89.39,1.88969683,AM,EQUATORIAL / HOT / HUMID,1,0,1
4/27/2009,86,4,2,110.08,1.88917151,AM,EQUATORIAL / HOT / HUMID,1,0,1
4/28/2009,86,4,3,54.19,2.69846835,AM,EQUATORIAL / HOT / HUMID,0,0,1
4/29/2009,86,4,4,420.72,0.97963016,AM,EQUATORIAL / HOT / HUMID,1,0,1
4/30/2009,86,4,5,62.58,2.18919783,AM,EQUATORIAL / HOT / HUMID,0,0,1
5/01/2009,86,5,6,65.35,2.28982402,AM,EQUATORIAL / HOT / HUMID,0,0,1
5/02/2009,86,5,7,57.8,1.9283737,AM,EQUATORIAL / HOT / HUMID,1,0,1
5/04/2009,86,5,2,46.37,2.68902308,AM,EQUATORIAL / HOT / HUMID,0,0,1
5/05/2009,86,5,3,33.58,2.48927933,AM,EQUATORIAL / HOT / HUMID,0,0,1
5/06/2009,86,5,4,43.25,2.79098266,AM,EQUATORIAL / HOT / HUMID,0,0,1
5/07/2009,86,5,5,65.8,2.29012158,AM,EQUATORIAL / HOT / HUMID,1,0,1
5/08/2009,86,5,6,273.45,1.69983544,AM,EQUATORIAL / HOT / HUMID,1,0,1
5/13/2009,86,5,4,111.44,2.78957286,AM,EQUATORIAL / HOT / HUMID,0,0,1
5/14/2009,86,5,5,56.48,2.78895184,AM,EQUATORIAL / HOT / HUMID,0,0,1
5/15/2009,86,5,6,66.86,2.78881244,AM,EQUATORIAL / HOT / HUMID,0,0,1
5/16/2009,86,5,7,109.47,2.78953138,AM,EQUATORIAL / HOT / HUMID,0,0,1
5/17/2009,86,5,1,51.54,2.78890182,AM,EQUATORIAL / HOT / HUMID,0,0,1
5/18/2009,86,5,2,97.04,2.78936521,AM,EQUATORIAL / HOT / HUMID,0,0,1
5/19/2009,86,5,3,73.78,2.18948224,AM,EQUATORIAL / HOT / HUMID,0,0,1
5/20/2009,86,5,4,193.89,1.92469957,AM,EQUATORIAL / HOT / HUMID,1,0,1
5/21/2009,86,5,5,108.73,1.88880714,AM,EQUATORIAL / HOT / HUMID,1,0,1
5/22/2009,86,5,6,77.99,2.18899859,AM,EQUATORIAL / HOT / HUMID,0,0,1
5/23/2009,86,5,7,95.12,2.18955004,AM,EQUATORIAL / HOT / HUMID,0,0,1
5/24/2009,86,5,1,43.23,2.18945177,AM,EQUATORIAL / HOT / HUMID,0,0,1
5/25/2009,86,5,2,54.73,2.18984104,AM,EQUATORIAL / HOT / HUMID,0,0,1
5/26/2009,86,5,3,36.6,2.18907104,AM,EQUATORIAL / HOT / HUMID,0,0,1
5/27/2009,86,5,4,94.99,1.99789452,AM,EQUATORIAL / HOT / HUMID,1,0,1
5/28/2009,86,5,5,78.1,2.18988476,AM,EQUATORIAL / HOT / HUMID,0,0,1
5/29/2009,86,5,6,56.42,2.78925913,AM,EQUATORIAL / HOT / HUMID,0,0,1
5/30/2009,86,5,7,59.62,2.78950017,AM,EQUATORIAL / HOT / HUMID,0,0,1
5/31/2009,86,5,1,33.92,2.78979953,AM,EQUATORIAL / HOT / HUMID,0,0,1
6/01/2009,86,6,2,117.29,2.28962401,AM,EQUATORIAL / HOT / HUMID,0,0,1
6/02/2009,86,6,3,35.26,2.58905275,AM,EQUATORIAL / HOT / HUMID,1,0,1
6/04/2009,86,6,5,47.16,2.68871925,AM,EQUATORIAL / HOT / HUMID,0,0,1
6/05/2009,86,6,6,56.79,2.48899454,AM,EQUATORIAL / HOT / HUMID,1,0,1
6/06/2009,86,6,7,95.19,2.78999895,AM,EQUATORIAL / HOT / HUMID,0,0,1
6/07/2009,86,6,1,92.76,2.11125485,AM,EQUATORIAL / HOT / HUMID,1,0,1
6/08/2009,86,6,2,73.06,2.79017246,AM,EQUATORIAL / HOT / HUMID,0,0,1
6/13/2009,86,6,7,71.62,2.79000279,AM,EQUATORIAL / HOT / HUMID,0,0,1
6/14/2009,86,6,1,38.7,2.79018088,AM,EQUATORIAL / HOT / HUMID,0,0,1
6/15/2009,86,6,2,46.4,2.54482759,AM,EQUATORIAL / HOT / HUMID,1,0,1
6/16/2009,86,6,3,80.81,2.79024873,AM,EQUATORIAL / HOT / HUMID,0,0,1
6/17/2009,86,6,4,211.77,1.3841904,AM,EQUATORIAL / HOT / HUMID,1,0,1
6/18/2009,86,6,5,124.89,2.6020498,AM,EQUATORIAL / HOT / HUMID,0,0,1
6/19/2009,86,6,6,63.18,1.79012346,AM,EQUATORIAL / HOT / HUMID,1,0,1
6/20/2009,86,6,7,42.54,1.78984485,AM,EQUATORIAL / HOT / HUMID,1,0,1
6/21/2009,86,6,1,13.1,2.79236641,AM,EQUATORIAL / HOT / HUMID,0,0,1
6/22/2009,86,6,2,11.85,2.68691983,AM,EQUATORIAL / HOT / HUMID,1,0,1
6/23/2009,86,6,3,64.79,1.98950455,AM,EQUATORIAL / HOT / HUMID,1,0,1
6/24/2009,86,6,4,164.68,1.90278115,AM,EQUATORIAL / HOT / HUMID,1,0,1
6/25/2009,86,6,5,92.89,1.88933147,AM,EQUATORIAL / HOT / HUMID,1,0,1
6/27/2009,86,6,7,119.3,2.27191953,AM,EQUATORIAL / HOT / HUMID,1,0,1
6/28/2009,86,6,1,69.99,1.98885555,AM,EQUATORIAL / HOT / HUMID,1,0,1
6/29/2009,86,6,2,94.81,2.4896108,AM,EQUATORIAL / HOT / HUMID,0,0,1
6/30/2009,86,6,3,63.02,2.48968581,AM,EQUATORIAL / HOT / HUMID,0,1,1
7/01/2009,86,7,4,170.44,1.88946257,AM,EQUATORIAL / HOT / HUMID,1,1,1
7/02/2009,86,7,5,10.21,2.48873653,AM,EQUATORIAL / HOT / HUMID,1,1,1
7/04/2009,86,7,7,24.72,2.68972492,AM,EQUATORIAL / HOT / HUMID,0,1,1
7/05/2009,86,7,1,45.7,2.48905908,AM,EQUATORIAL / HOT / HUMID,1,1,1
7/06/2009,86,7,2,67.77,2.79076287,AM,EQUATORIAL / HOT / HUMID,0,1,1
7/07/2009,86,7,3,86.02,1.98872355,AM,EQUATORIAL / HOT / HUMID,1,1,1
7/08/2009,86,7,4,66.45,2.7890143,AM,EQUATORIAL / HOT / HUMID,0,1,1
7/13/2009,86,7,2,28.72,2.05396936,AM,EQUATORIAL / HOT / HUMID,1,1,1
7/14/2009,86,7,3,96.51,1.9891203,AM,EQUATORIAL / HOT / HUMID,1,1,1
7/15/2009,86,7,4,195.73,1.88949062,AM,EQUATORIAL / HOT / HUMID,1,1,1
7/16/2009,86,7,5,41.29,2.34366675,AM,EQUATORIAL / HOT / HUMID,1,1,1
7/17/2009,86,7,6,100.23,2.15005487,AM,EQUATORIAL / HOT / HUMID,1,1,1
7/18/2009,86,7,7,163.65,2.7898564,AM,EQUATORIAL / HOT / HUMID,0,1,1
7/19/2009,86,7,1,59.71,2.78931502,AM,EQUATORIAL / HOT / HUMID,0,1,1
7/20/2009,86,7,2,72.78,2.79005221,AM,EQUATORIAL / HOT / HUMID,0,1,1
7/21/2009,86,7,3,80.41,2.7899515,AM,EQUATORIAL / HOT / HUMID,0,1,1
7/22/2009,86,7,4,200.75,1.78983811,AM,EQUATORIAL / HOT / HUMID,1,1,1
7/23/2009,86,7,5,73.9,2.78985115,AM,EQUATORIAL / HOT / HUMID,0,1,1
7/24/2009,86,7,6,87.91,2.78978501,AM,EQUATORIAL / HOT / HUMID,0,1,1
7/25/2009,86,7,7,110.09,2.78999001,AM,EQUATORIAL / HOT / HUMID,0,1,1
7/26/2009,86,7,1,35.94,2.78992766,AM,EQUATORIAL / HOT / HUMID,0,1,1
7/27/2009,86,7,2,61.03,2.78977552,AM,EQUATORIAL / HOT / HUMID,0,1,1
7/28/2009,86,7,3,60.61,2.45784524,AM,EQUATORIAL / HOT / HUMID,1,1,1
7/29/2009,86,7,4,149.76,1.77958066,AM,EQUATORIAL / HOT / HUMID,1,1,1
7/30/2009,86,7,5,72.49,2.78976411,AM,EQUATORIAL / HOT / HUMID,0,1,1
7/31/2009,86,7,6,46.35,2.78985976,AM,EQUATORIAL / HOT / HUMID,0,1,1
8/01/2009,86,8,7,40.35,2.28946716,AM,EQUATORIAL / HOT / HUMID,0,1,1
8/02/2009,86,8,1,7.31,2.48837209,AM,EQUATORIAL / HOT / HUMID,1,1,1
8/04/2009,86,8,3,177.73,1.8496596,AM,EQUATORIAL / HOT / HUMID,1,1,1
8/05/2009,86,8,4,83.42,2.48921122,AM,EQUATORIAL / HOT / HUMID,0,1,1
8/06/2009,86,8,5,62.86,2.79000955,AM,EQUATORIAL / HOT / HUMID,0,1,1
8/07/2009,86,8,6,68.13,2.48950536,AM,EQUATORIAL / HOT / HUMID,1,1,1
8/08/2009,86,8,7,101.72,2.78961856,AM,EQUATORIAL / HOT / HUMID,0,1,1
8/13/2009,86,8,5,116.87,2.78933858,AM,EQUATORIAL / HOT / HUMID,0,1,1
8/14/2009,86,8,6,114.25,2.94984683,AM,EQUATORIAL / HOT / HUMID,0,1,1
8/15/2009,86,8,7,147.34,2.19974209,AM,EQUATORIAL / HOT / HUMID,0,1,1
8/16/2009,86,8,1,53.92,2.19974036,AM,EQUATORIAL / HOT / HUMID,0,1,1
8/17/2009,86,8,2,68.5,2.2,AM,EQUATORIAL / HOT / HUMID,0,1,1
8/19/2009,86,8,4,80.34,2.06621857,AM,EQUATORIAL / HOT / HUMID,1,1,1
8/22/2009,86,8,7,108.57,2.94998618,AM,EQUATORIAL / HOT / HUMID,0,1,1
8/24/2009,86,8,2,39.42,2.95027905,AM,EQUATORIAL / HOT / HUMID,0,1,1
8/26/2009,86,8,4,82.28,2.48991249,AM,EQUATORIAL / HOT / HUMID,1,1,1
8/27/2009,86,8,5,60.1,2.94975042,AM,EQUATORIAL / HOT / HUMID,0,1,1
8/31/2009,86,8,2,64.35,2.94996115,AM,EQUATORIAL / HOT / HUMID,0,1,1
9/01/2009,86,9,3,24.45,2.58854806,AM,EQUATORIAL / HOT / HUMID,0,1,1
9/02/2009,86,9,4,6.71,2.48733234,AM,EQUATORIAL / HOT / HUMID,1,1,1
9/04/2009,86,9,6,219.26,1.84931132,AM,EQUATORIAL / HOT / HUMID,1,1,1
9/05/2009,86,9,7,72.64,2.48939978,AM,EQUATORIAL / HOT / HUMID,0,1,1
9/06/2009,86,9,1,56.2,2.79021352,AM,EQUATORIAL / HOT / HUMID,0,1,1
9/07/2009,86,9,2,69.59,2.5417445,AM,EQUATORIAL / HOT / HUMID,1,1,1
9/08/2009,86,9,3,68.54,2.78975781,AM,EQUATORIAL / HOT / HUMID,0,1,1
10/01/2009,86,10,5,99.46,1.98914136,AM,EQUATORIAL / HOT / HUMID,1,1,1
10/02/2009,86,10,6,60.79,2.59006416,AM,EQUATORIAL / HOT / HUMID,1,1,1
10/04/2009,86,10,1,5.3,2.78867925,AM,EQUATORIAL / HOT / HUMID,0,1,1
10/05/2009,86,10,2,51.99,2.48855549,AM,EQUATORIAL / HOT / HUMID,0,1,1
10/06/2009,86,10,3,95.29,2.27977752,AM,EQUATORIAL / HOT / HUMID,1,1,1
10/07/2009,86,10,4,55.58,2.48938467,AM,EQUATORIAL / HOT / HUMID,1,1,1
10/08/2009,86,10,5,56.71,2.78945512,AM,EQUATORIAL / HOT / HUMID,0,1,1
11/01/2009,86,11,1,85.55,1.98971362,AM,EQUATORIAL / HOT / HUMID,1,1,1
11/02/2009,86,11,2,75.74,2.28993927,AM,EQUATORIAL / HOT / HUMID,1,1,1
11/04/2009,86,11,4,115.5,2.78987013,AM,EQUATORIAL / HOT / HUMID,0,1,1
11/05/2009,86,11,5,59.43,2.48948343,AM,EQUATORIAL / HOT / HUMID,0,1,1
11/06/2009,86,11,6,98.58,1.98985595,AM,EQUATORIAL / HOT / HUMID,1,1,1
11/07/2009,86,11,7,21.05,2.78954869,AM,EQUATORIAL / HOT / HUMID,0,1,1
11/08/2009,86,11,1,59.51,2.79028735,AM,EQUATORIAL / HOT / HUMID,0,1,1
12/01/2009,86,12,3,80.5,1.98944099,AM,EQUATORIAL / HOT / HUMID,1,1,1
12/02/2009,86,12,4,43.66,2.58955566,AM,EQUATORIAL / HOT / HUMID,1,1,1
12/04/2009,86,12,6,40.25,2.78832298,AM,EQUATORIAL / HOT / HUMID,0,1,1
12/05/2009,86,12,7,54.71,2.48894169,AM,EQUATORIAL / HOT / HUMID,0,1,1
12/06/2009,86,12,1,89.79,1.99008798,AM,EQUATORIAL / HOT / HUMID,1,1,1
12/07/2009,86,12,2,9.97,2.7883651,AM,EQUATORIAL / HOT / HUMID,0,1,1
12/08/2009,86,12,3,165.67,2.28967224,AM,EQUATORIAL / HOT / HUMID,1,1,1
1/07/2008,248,1,2,51.87,1.98978215,AM,EQUATORIAL / HOT / HUMID,0,0,0
1/08/2008,248,1,3,55.14,2.5901342,AM,EQUATORIAL / HOT / HUMID,1,0,0
1/09/2008,248,1,4,34.59,2.80080948,AM,EQUATORIAL / HOT / HUMID,0,0,0
1/10/2008,248,1,5,3.77,2.35013263,AM,EQUATORIAL / HOT / HUMID,0,0,0
1/11/2008,248,1,6,59.66,2.11783439,AM,EQUATORIAL / HOT / HUMID,1,0,0
1/12/2008,248,1,7,15.14,2.7992074,AM,EQUATORIAL / HOT / HUMID,0,0,0
2/07/2008,248,2,5,105.79,1.98950751,AM,EQUATORIAL / HOT / HUMID,1,0,0
2/08/2008,248,2,6,117.16,2.64996586,AM,EQUATORIAL / HOT / HUMID,1,0,0
2/09/2008,248,2,7,11.14,2.8016158,AM,EQUATORIAL / HOT / HUMID,0,0,0
2/10/2008,248,2,1,18.46,2.29035753,AM,EQUATORIAL / HOT / HUMID,0,0,0
2/11/2008,248,2,2,19.85,1.89118388,AM,EQUATORIAL / HOT / HUMID,1,0,0
2/12/2008,248,2,3,9.1,2.29120879,AM,EQUATORIAL / HOT / HUMID,0,0,0
3/07/2008,248,3,6,21.24,2.29048964,AM,EQUATORIAL / HOT / HUMID,0,0,0
3/08/2008,248,3,7,46.52,2.64961307,AM,EQUATORIAL / HOT / HUMID,1,0,0
3/09/2008,248,3,1,105.7,1.79006623,AM,EQUATORIAL / HOT / HUMID,1,0,0
3/10/2008,248,3,2,21.04,2.4904943,AM,EQUATORIAL / HOT / HUMID,0,0,0
3/11/2008,248,3,3,44.91,2.00578936,AM,EQUATORIAL / HOT / HUMID,1,0,0
3/12/2008,248,3,4,39.57,2.49027041,AM,EQUATORIAL / HOT / HUMID,1,0,0
4/07/2008,248,4,2,37.68,2.58996815,AM,EQUATORIAL / HOT / HUMID,0,0,0
4/08/2008,248,4,3,39.63,2.65102195,AM,EQUATORIAL / HOT / HUMID,1,0,0
4/09/2008,248,4,4,21.28,2.78994361,AM,EQUATORIAL / HOT / HUMID,0,0,0
4/10/2008,248,4,5,19.78,2.80131446,AM,EQUATORIAL / HOT / HUMID,0,0,0
4/11/2008,248,4,6,38.11,2.79952768,AM,EQUATORIAL / HOT / HUMID,0,0,0
5/07/2008,248,5,4,59.6,2.2897651,AM,EQUATORIAL / HOT / HUMID,0,0,0
5/08/2008,248,5,5,49.99,2.49029806,AM,EQUATORIAL / HOT / HUMID,1,0,0
5/09/2008,248,5,6,9.36,2.13675214,AM,EQUATORIAL / HOT / HUMID,1,0,0
5/10/2008,248,5,7,8.37,2.8004779,AM,EQUATORIAL / HOT / HUMID,0,0,0
5/11/2008,248,5,1,59.57,2.29041464,AM,EQUATORIAL / HOT / HUMID,1,0,0
5/12/2008,248,5,2,43.11,2.29041986,AM,EQUATORIAL / HOT / HUMID,0,0,0
6/07/2008,248,6,7,29.86,2.29002009,AM,EQUATORIAL / HOT / HUMID,0,0,0
6/08/2008,248,6,1,195.25,1.77997439,AM,EQUATORIAL / HOT / HUMID,1,0,0
6/09/2008,248,6,2,38.82,1.88974755,AM,EQUATORIAL / HOT / HUMID,1,0,0
6/10/2008,248,6,3,20.31,2.80009847,AM,EQUATORIAL / HOT / HUMID,0,0,0
6/11/2008,248,6,4,24.9,2.40080321,AM,EQUATORIAL / HOT / HUMID,0,0,0
6/12/2008,248,6,5,134.22,1.9802563,AM,EQUATORIAL / HOT / HUMID,1,0,0
7/07/2008,248,7,2,48.91,2.28951135,AM,EQUATORIAL / HOT / HUMID,0,0,0
7/08/2008,248,7,3,40.26,2.80004968,AM,EQUATORIAL / HOT / HUMID,1,0,0
7/09/2008,248,7,4,18.44,1.89099783,AM,EQUATORIAL / HOT / HUMID,1,0,0
7/10/2008,248,7,5,17.85,2.29131653,AM,EQUATORIAL / HOT / HUMID,0,0,0
7/11/2008,248,7,6,60.32,2.29045093,AM,EQUATORIAL / HOT / HUMID,0,0,0
7/12/2008,248,7,7,40.57,2.49001725,AM,EQUATORIAL / HOT / HUMID,1,0,0
7/13/2008,248,7,1,10.14,2.58974359,AM,EQUATORIAL / HOT / HUMID,0,0,0
7/14/2008,248,7,2,16.2,2.58950617,AM,EQUATORIAL / HOT / HUMID,0,0,0
7/15/2008,248,7,3,47.7,2.58972746,AM,EQUATORIAL / HOT / HUMID,0,0,0
7/16/2008,248,7,4,146.11,1.88987749,AM,EQUATORIAL / HOT / HUMID,1,0,0
7/17/2008,248,7,5,40.58,2.4898965,AM,EQUATORIAL / HOT / HUMID,0,0,0
7/18/2008,248,7,6,22.77,2.58981116,AM,EQUATORIAL / HOT / HUMID,0,0,0
7/19/2008,248,7,7,22.88,1.49300699,AM,EQUATORIAL / HOT / HUMID,1,0,0
7/20/2008,248,7,1,11.33,1.29037952,AM,EQUATORIAL / HOT / HUMID,1,0,0
7/21/2008,248,7,2,4.84,2.2892562,AM,EQUATORIAL / HOT / HUMID,0,0,0
7/22/2008,248,7,3,58.89,2.59059263,AM,EQUATORIAL / HOT / HUMID,0,0,0
7/23/2008,248,7,4,163.5,1.56122324,AM,EQUATORIAL / HOT / HUMID,1,0,0
7/24/2008,248,7,5,16.28,2.59090909,AM,EQUATORIAL / HOT / HUMID,0,0,0
7/25/2008,248,7,6,8.41,2.5921522,AM,EQUATORIAL / HOT / HUMID,0,0,0
7/26/2008,248,7,7,119.53,1.85192002,AM,EQUATORIAL / HOT / HUMID,1,0,0
7/27/2008,248,7,1,64.41,1.8503338,AM,EQUATORIAL / HOT / HUMID,1,0,0
7/28/2008,248,7,2,75.41,1.85041772,AM,EQUATORIAL / HOT / HUMID,1,0,0
7/29/2008,248,7,3,49.57,2.49041759,AM,EQUATORIAL / HOT / HUMID,0,0,0
7/30/2008,248,7,4,96.02,2.59029369,AM,EQUATORIAL / HOT / HUMID,0,0,0
7/31/2008,248,7,5,61.69,2.58972281,AM,EQUATORIAL / HOT / HUMID,0,0,0
8/07/2008,248,8,5,40.6,2.58004926,AM,EQUATORIAL / HOT / HUMID,0,0,0
8/08/2008,248,8,6,56.02,2.7998929,AM,EQUATORIAL / HOT / HUMID,1,0,0
8/09/2008,248,8,7,27.19,1.89040088,AM,EQUATORIAL / HOT / HUMID,1,0,0
8/10/2008,248,8,1,131.66,1.89001975,AM,EQUATORIAL / HOT / HUMID,0,0,0
8/11/2008,248,8,2,92.5,1.94972973,AM,EQUATORIAL / HOT / HUMID,1,0,0
8/12/2008,248,8,3,32.64,2.80055147,AM,EQUATORIAL / HOT / HUMID,0,0,0
8/13/2008,248,8,4,142.44,1.78980623,AM,EQUATORIAL / HOT / HUMID,1,0,0
8/14/2008,248,8,5,46.29,2.79974076,AM,EQUATORIAL / HOT / HUMID,0,0,0
8/15/2008,248,8,6,47.78,2.47300126,AM,EQUATORIAL / HOT / HUMID,1,0,0
8/16/2008,248,8,7,36.5,2.72465753,AM,EQUATORIAL / HOT / HUMID,1,0,0
8/17/2008,248,8,1,13.63,2.28980191,AM,EQUATORIAL / HOT / HUMID,1,0,0
8/18/2008,248,8,2,10.43,2.29050815,AM,EQUATORIAL / HOT / HUMID,1,0,0
8/19/2008,248,8,3,40.59,2.80068983,AM,EQUATORIAL / HOT / HUMID,0,0,0
8/20/2008,248,8,4,116.3,1.98013758,AM,EQUATORIAL / HOT / HUMID,1,0,0
8/21/2008,248,8,5,53.19,1.97988344,AM,EQUATORIAL / HOT / HUMID,1,0,0
8/22/2008,248,8,6,45.59,1.98003948,AM,EQUATORIAL / HOT / HUMID,1,0,0
8/23/2008,248,8,7,59.4,1.97962963,AM,EQUATORIAL / HOT / HUMID,1,0,0
8/24/2008,248,8,1,14.88,1.98051075,AM,EQUATORIAL / HOT / HUMID,1,0,0
8/25/2008,248,8,2,21.76,1.98023897,AM,EQUATORIAL / HOT / HUMID,1,0,0
8/26/2008,248,8,3,7.81,2.69014085,AM,EQUATORIAL / HOT / HUMID,1,0,0
8/27/2008,248,8,4,160.72,1.79006969,AM,EQUATORIAL / HOT / HUMID,1,0,0
8/28/2008,248,8,5,44.67,2.47638236,AM,EQUATORIAL / HOT / HUMID,0,0,0
8/29/2008,248,8,6,16.6,2.49036145,AM,EQUATORIAL / HOT / HUMID,1,0,0
8/30/2008,248,8,7,14.09,2.8012775,AM,EQUATORIAL / HOT / HUMID,1,0,0
8/31/2008,248,8,1,15.09,2.80185553,AM,EQUATORIAL / HOT / HUMID,1,0,0
9/07/2008,248,9,1,51.8,2.57895753,AM,EQUATORIAL / HOT / HUMID,0,0,0
9/08/2008,248,9,2,65.02,2.80006152,AM,EQUATORIAL / HOT / HUMID,1,0,0
9/09/2008,248,9,3,10.85,2.47557604,AM,EQUATORIAL / HOT / HUMID,0,0,0
9/10/2008,248,9,4,42.86,1.94377042,AM,EQUATORIAL / HOT / HUMID,0,0,0
9/11/2008,248,9,5,34.34,1.95020384,AM,EQUATORIAL / HOT / HUMID,1,0,0
9/12/2008,248,9,6,26.77,2.77175943,AM,EQUATORIAL / HOT / HUMID,0,0,0
9/13/2008,248,9,7,9.44,2.29237288,AM,EQUATORIAL / HOT / HUMID,1,0,0
9/14/2008,248,9,1,1.31,2.29007634,AM,EQUATORIAL / HOT / HUMID,1,0,0
9/15/2008,248,9,2,2.44,2.59836066,AM,EQUATORIAL / HOT / HUMID,0,0,0
9/16/2008,248,9,3,5.4,2.79814815,AM,EQUATORIAL / HOT / HUMID,0,0,0
9/17/2008,248,9,4,7.57,2.29194188,AM,EQUATORIAL / HOT / HUMID,1,0,0
9/18/2008,248,9,5,3.41,2.29032258,AM,EQUATORIAL / HOT / HUMID,1,0,0
9/19/2008,248,9,6,4.34,2.29032258,AM,EQUATORIAL / HOT / HUMID,1,0,0
9/20/2008,248,9,7,8.99,1.58064516,AM,EQUATORIAL / HOT / HUMID,1,0,0
9/21/2008,248,9,1,4.3,1.57906977,AM,EQUATORIAL / HOT / HUMID,1,0,0
9/22/2008,248,9,2,3.66,1.57923497,AM,EQUATORIAL / HOT / HUMID,1,0,0
9/23/2008,248,9,3,6.24,2.58814103,AM,EQUATORIAL / HOT / HUMID,0,0,0
9/24/2008,248,9,4,19.36,1.69059917,AM,EQUATORIAL / HOT / HUMID,1,0,0
9/25/2008,248,9,5,17.73,2.58883249,AM,EQUATORIAL / HOT / HUMID,0,0,0
9/26/2008,248,9,6,18.88,2.69014831,AM,EQUATORIAL / HOT / HUMID,0,0,0
9/27/2008,248,9,7,104.51,1.81877332,AM,EQUATORIAL / HOT / HUMID,1,0,0
9/28/2008,248,9,1,24.63,1.58993098,AM,EQUATORIAL / HOT / HUMID,1,0,0
9/29/2008,248,9,2,3.16,2.59493671,AM,EQUATORIAL / HOT / HUMID,0,0,0
9/30/2008,248,9,3,0.41,2.6097561,AM,EQUATORIAL / HOT / HUMID,0,0,0
10/07/2008,248,10,3,21.59,2.59055118,AM,EQUATORIAL / HOT / HUMID,0,0,0
10/08/2008,248,10,4,33.86,2.80005907,AM,EQUATORIAL / HOT / HUMID,1,0,0
10/09/2008,248,10,5,48.33,1.77984689,AM,EQUATORIAL / HOT / HUMID,1,0,0
10/10/2008,248,10,6,46.63,1.98648938,AM,EQUATORIAL / HOT / HUMID,0,0,0
10/11/2008,248,10,7,24.05,2.55550936,AM,EQUATORIAL / HOT / HUMID,1,0,0
10/12/2008,248,10,1,163.58,1.84998166,AM,EQUATORIAL / HOT / HUMID,1,0,0
10/13/2008,248,10,2,26.16,2.29013761,AM,EQUATORIAL / HOT / HUMID,1,0,0
10/14/2008,248,10,3,32.47,2.80043117,AM,EQUATORIAL / HOT / HUMID,0,0,0
10/15/2008,248,10,4,57.51,2.28934098,AM,EQUATORIAL / HOT / HUMID,1,0,0
10/16/2008,248,10,5,34.45,2.80029028,AM,EQUATORIAL / HOT / HUMID,0,0,0
10/17/2008,248,10,6,25.09,2.49103228,AM,EQUATORIAL / HOT / HUMID,0,0,0
10/18/2008,248,10,7,46.25,2.18983784,AM,EQUATORIAL / HOT / HUMID,0,0,0
10/19/2008,248,10,1,14.88,2.18951613,AM,EQUATORIAL / HOT / HUMID,0,0,0
10/20/2008,248,10,2,19.03,2.18970047,AM,EQUATORIAL / HOT / HUMID,0,0,0
10/21/2008,248,10,3,51.95,2.48970164,AM,EQUATORIAL / HOT / HUMID,0,0,0
10/22/2008,248,10,4,153.99,1.85037989,AM,EQUATORIAL / HOT / HUMID,1,0,0
10/23/2008,248,10,5,13.05,2.19003831,AM,EQUATORIAL / HOT / HUMID,1,0,0
10/24/2008,248,10,6,2.87,2.4912892,AM,EQUATORIAL / HOT / HUMID,0,0,0
10/25/2008,248,10,7,5.27,2.39089184,AM,EQUATORIAL / HOT / HUMID,0,0,0
10/26/2008,248,10,1,5.87,2.49063032,AM,EQUATORIAL / HOT / HUMID,0,0,0
10/27/2008,248,10,2,50.22,2.49024293,AM,EQUATORIAL / HOT / HUMID,0,0,0
10/28/2008,248,10,3,52.48,2.48990091,AM,EQUATORIAL / HOT / HUMID,0,0,0
10/29/2008,248,10,4,50.91,2.59006089,AM,EQUATORIAL / HOT / HUMID,1,0,0
10/30/2008,248,10,5,38.71,2.26943942,AM,EQUATORIAL / HOT / HUMID,1,0,0
10/31/2008,248,10,6,49.69,2.59710203,AM,EQUATORIAL / HOT / HUMID,1,0,0
11/07/2008,248,11,6,26.75,2.59065421,AM,EQUATORIAL / HOT / HUMID,0,0,0
11/08/2008,248,11,7,35.69,2.79994396,AM,EQUATORIAL / HOT / HUMID,0,0,0
11/09/2008,248,11,1,10.47,2.80038204,AM,EQUATORIAL / HOT / HUMID,0,0,0
11/10/2008,248,11,2,61.8,2.29012945,AM,EQUATORIAL / HOT / HUMID,1,0,0
11/11/2008,248,11,3,39.92,1.99048096,AM,EQUATORIAL / HOT / HUMID,1,0,0
11/12/2008,248,11,4,87.36,1.9896978,AM,EQUATORIAL / HOT / HUMID,1,0,0
11/13/2008,248,11,5,17.32,2.54676674,AM,EQUATORIAL / HOT / HUMID,1,0,0
11/14/2008,248,11,6,32.71,2.399572,AM,EQUATORIAL / HOT / HUMID,0,0,0
11/15/2008,248,11,7,36.86,2.49023332,AM,EQUATORIAL / HOT / HUMID,1,0,0
11/16/2008,248,11,1,47.32,1.88947591,AM,EQUATORIAL / HOT / HUMID,1,0,0
11/17/2008,248,11,2,13.84,2.49060694,AM,EQUATORIAL / HOT / HUMID,1,0,0
11/18/2008,248,11,3,18.22,2.80021954,AM,EQUATORIAL / HOT / HUMID,0,0,0
11/19/2008,248,11,4,71.24,1.98006738,AM,EQUATORIAL / HOT / HUMID,1,0,0
11/20/2008,248,11,5,25.34,1.98973954,AM,EQUATORIAL / HOT / HUMID,1,0,0
11/21/2008,248,11,6,25.49,2.38995685,AM,EQUATORIAL / HOT / HUMID,1,0,0
11/22/2008,248,11,7,44.95,2.78998888,AM,EQUATORIAL / HOT / HUMID,0,0,0
11/23/2008,248,11,1,15.24,2.79068241,AM,EQUATORIAL / HOT / HUMID,0,0,0
11/24/2008,248,11,2,11.5,2.79217391,AM,EQUATORIAL / HOT / HUMID,0,0,0
11/25/2008,248,11,3,22.72,2.29049296,AM,EQUATORIAL / HOT / HUMID,0,0,0
11/26/2008,248,11,4,15.16,1.87994723,AM,EQUATORIAL / HOT / HUMID,1,0,0
11/27/2008,248,11,5,13.25,2.28981132,AM,EQUATORIAL / HOT / HUMID,0,0,0
11/28/2008,248,11,6,7.03,2.79943101,AM,EQUATORIAL / HOT / HUMID,1,0,0
11/29/2008,248,11,7,9.74,1.98870637,AM,EQUATORIAL / HOT / HUMID,1,0,0
11/30/2008,248,11,1,4.52,2.69247788,AM,EQUATORIAL / HOT / HUMID,0,0,0
12/07/2008,248,12,1,34.62,2.59012132,AM,EQUATORIAL / HOT / HUMID,0,0,0
12/08/2008,248,12,2,59.47,2.49033126,AM,EQUATORIAL / HOT / HUMID,0,0,0
12/09/2008,248,12,3,6.12,2.80065359,AM,EQUATORIAL / HOT / HUMID,1,0,0
12/10/2008,248,12,4,10.61,2.29029218,AM,EQUATORIAL / HOT / HUMID,1,0,0
12/11/2008,248,12,5,63.14,1.89056066,AM,EQUATORIAL / HOT / HUMID,1,0,0
12/12/2008,248,12,6,36.48,1.9904057,AM,EQUATORIAL / HOT / HUMID,1,0,0
12/13/2008,248,12,7,80.65,1.9899566,AM,EQUATORIAL / HOT / HUMID,1,0,0
12/14/2008,248,12,1,41.83,1.98995936,AM,EQUATORIAL / HOT / HUMID,1,0,0
12/15/2008,248,12,2,41.43,2.29012793,AM,EQUATORIAL / HOT / HUMID,0,0,0
12/16/2008,248,12,3,44.74,2.2901207,AM,EQUATORIAL / HOT / HUMID,0,0,0
12/17/2008,248,12,4,150.19,1.89013916,AM,EQUATORIAL / HOT / HUMID,1,0,0
12/18/2008,248,12,5,46.44,1.96791559,AM,EQUATORIAL / HOT / HUMID,1,0,0
12/19/2008,248,12,6,47.24,2.29064352,AM,EQUATORIAL / HOT / HUMID,0,0,0
12/20/2008,248,12,7,60.06,2.7998668,AM,EQUATORIAL / HOT / HUMID,0,0,0
12/21/2008,248,12,1,19.14,2.80041797,AM,EQUATORIAL / HOT / HUMID,0,0,0
12/22/2008,248,12,2,25.93,2.80061705,AM,EQUATORIAL / HOT / HUMID,0,0,0
12/23/2008,248,12,3,66.53,1.99022997,AM,EQUATORIAL / HOT / HUMID,1,0,0
12/24/2008,248,12,4,116.33,1.97997077,AM,EQUATORIAL / HOT / HUMID,1,0,0
12/26/2008,248,12,6,41.9,2.650358,AM,EQUATORIAL / HOT / HUMID,0,0,0
12/27/2008,248,12,7,28.36,2.25070522,AM,EQUATORIAL / HOT / HUMID,0,0,0
12/28/2008,248,12,1,18.08,2.2505531,AM,EQUATORIAL / HOT / HUMID,0,0,0
12/29/2008,248,12,2,42.61,2.24313541,AM,EQUATORIAL / HOT / HUMID,0,0,0
12/30/2008,248,12,3,115.05,1.99000435,AM,EQUATORIAL / HOT / HUMID,1,0,0
12/31/2008,248,12,4,121.22,1.98960568,AM,EQUATORIAL / HOT / HUMID,1,0,0
1/02/2009,248,1,6,17.17,2.59114735,AM,EQUATORIAL / HOT / HUMID,0,0,0
1/04/2009,248,1,1,204.83,1.98989406,AM,EQUATORIAL / HOT / HUMID,1,0,0
1/05/2009,248,1,2,23.93,2.19055579,AM,EQUATORIAL / HOT / HUMID,0,0,0
1/06/2009,248,1,3,23.64,2.47758037,AM,EQUATORIAL / HOT / HUMID,1,0,0
1/07/2009,248,1,4,731.7,0.98010113,AM,EQUATORIAL / HOT / HUMID,1,0,0
1/08/2009,248,1,5,144.22,1.88995978,AM,EQUATORIAL / HOT / HUMID,1,0,0
1/13/2009,248,1,3,39.26,2.55094244,AM,EQUATORIAL / HOT / HUMID,0,0,0
1/14/2009,248,1,4,101.47,1.85020203,AM,EQUATORIAL / HOT / HUMID,1,0,0
1/15/2009,248,1,5,48.83,2.1900471,AM,EQUATORIAL / HOT / HUMID,1,0,0
1/16/2009,248,1,6,47.03,2.19009143,AM,EQUATORIAL / HOT / HUMID,1,0,0
1/17/2009,248,1,7,62.61,2.1902252,AM,EQUATORIAL / HOT / HUMID,1,0,0
1/18/2009,248,1,1,18.08,2.19026549,AM,EQUATORIAL / HOT / HUMID,1,0,0
1/19/2009,248,1,2,13.97,2.19255548,AM,EQUATORIAL / HOT / HUMID,1,0,0
1/20/2009,248,1,3,53.89,2.19020226,AM,EQUATORIAL / HOT / HUMID,1,0,0
1/21/2009,248,1,4,174.59,1.49023426,AM,EQUATORIAL / HOT / HUMID,1,0,0
1/22/2009,248,1,5,31.66,2.5897031,AM,EQUATORIAL / HOT / HUMID,0,0,0
1/23/2009,248,1,6,18.96,2.59018987,AM,EQUATORIAL / HOT / HUMID,0,0,0
1/24/2009,248,1,7,14.61,2.59069131,AM,EQUATORIAL / HOT / HUMID,0,0,0
1/25/2009,248,1,1,7.15,2.59440559,AM,EQUATORIAL / HOT / HUMID,0,0,0
1/26/2009,248,1,2,29.53,2.59024721,AM,EQUATORIAL / HOT / HUMID,0,0,1
1/27/2009,248,1,3,75.53,2.59009665,AM,EQUATORIAL / HOT / HUMID,0,0,1
1/28/2009,248,1,4,167.25,1.88017937,AM,EQUATORIAL / HOT / HUMID,1,0,1
1/29/2009,248,1,5,24.9,2.58995984,AM,EQUATORIAL / HOT / HUMID,0,0,1
1/30/2009,248,1,6,22.35,2.59060403,AM,EQUATORIAL / HOT / HUMID,0,0,1
1/31/2009,248,1,7,22.7,2.59030837,AM,EQUATORIAL / HOT / HUMID,0,0,1
2/01/2009,248,2,1,43.85,2.25017104,AM,EQUATORIAL / HOT / HUMID,0,0,1
2/02/2009,248,2,2,8.39,2.58998808,AM,EQUATORIAL / HOT / HUMID,0,0,1
2/04/2009,248,2,4,60.1,2.68985025,AM,EQUATORIAL / HOT / HUMID,0,0,1
2/05/2009,248,2,5,59.57,2.19002854,AM,EQUATORIAL / HOT / HUMID,0,0,1
2/06/2009,248,2,6,14.68,2.39100817,AM,EQUATORIAL / HOT / HUMID,1,0,1
2/07/2009,248,2,7,69.49,2.78989783,AM,EQUATORIAL / HOT / HUMID,0,0,1
2/08/2009,248,2,1,77.34,1.89022498,AM,EQUATORIAL / HOT / HUMID,1,0,1
2/13/2009,248,2,6,6.76,2.59023669,AM,EQUATORIAL / HOT / HUMID,1,0,1
2/14/2009,248,2,7,0.77,2.50649351,AM,EQUATORIAL / HOT / HUMID,1,0,1
2/15/2009,248,2,1,1.06,2.49056604,AM,EQUATORIAL / HOT / HUMID,1,0,1
2/17/2009,248,2,3,98.3,2.49033571,AM,EQUATORIAL / HOT / HUMID,1,0,1
2/18/2009,248,2,4,145.95,2.39054471,AM,EQUATORIAL / HOT / HUMID,1,0,1
2/19/2009,248,2,5,27.26,2.48972854,AM,EQUATORIAL / HOT / HUMID,1,0,1
2/20/2009,248,2,6,49.23,2.58968109,AM,EQUATORIAL / HOT / HUMID,1,0,1
2/21/2009,248,2,7,84.49,2.48988046,AM,EQUATORIAL / HOT / HUMID,1,0,1
2/22/2009,248,2,1,23.89,2.49058183,AM,EQUATORIAL / HOT / HUMID,1,0,1
2/23/2009,248,2,2,45.91,2.49030712,AM,EQUATORIAL / HOT / HUMID,1,0,1
2/24/2009,248,2,3,18.81,2.48963317,AM,EQUATORIAL / HOT / HUMID,1,0,1
2/25/2009,248,2,4,60.03,2.39063801,AM,EQUATORIAL / HOT / HUMID,1,0,1
2/26/2009,248,2,5,50.78,2.4901536,AM,EQUATORIAL / HOT / HUMID,0,0,1
2/27/2009,248,2,6,36.82,2.79005975,AM,EQUATORIAL / HOT / HUMID,1,0,1
2/28/2009,248,2,7,31.52,2.79060914,AM,EQUATORIAL / HOT / HUMID,1,0,1
3/01/2009,248,3,1,43.97,2.79986354,AM,EQUATORIAL / HOT / HUMID,0,0,1
3/02/2009,248,3,2,45.26,2.59014582,AM,EQUATORIAL / HOT / HUMID,1,0,1
3/04/2009,248,3,4,65.89,2.68963424,AM,EQUATORIAL / HOT / HUMID,0,0,1
3/05/2009,248,3,5,22.11,2.18815016,AM,EQUATORIAL / HOT / HUMID,0,0,1
3/06/2009,248,3,6,58.25,2.28703863,AM,EQUATORIAL / HOT / HUMID,1,0,1
3/07/2009,248,3,7,43.89,2.78992937,AM,EQUATORIAL / HOT / HUMID,0,0,1
3/08/2009,248,3,1,49.57,2.3899536,AM,EQUATORIAL / HOT / HUMID,0,0,1
4/01/2009,248,4,4,13.35,2.80074906,AM,EQUATORIAL / HOT / HUMID,0,0,1
4/02/2009,248,4,5,258.51,1.4899617,AM,EQUATORIAL / HOT / HUMID,1,0,1
4/04/2009,248,4,7,57.05,2.68974584,AM,EQUATORIAL / HOT / HUMID,0,0,1
4/05/2009,248,4,1,28.79,2.19034387,AM,EQUATORIAL / HOT / HUMID,0,0,1
4/06/2009,248,4,2,35.87,2.79091163,AM,EQUATORIAL / HOT / HUMID,0,0,1
4/07/2009,248,4,3,53.73,2.45542527,AM,EQUATORIAL / HOT / HUMID,1,0,1
4/08/2009,248,4,4,76.64,2.3901357,AM,EQUATORIAL / HOT / HUMID,0,0,1
4/13/2009,248,4,2,31.6,2.78987342,AM,EQUATORIAL / HOT / HUMID,0,0,1
4/14/2009,248,4,3,37.47,2.31972244,AM,EQUATORIAL / HOT / HUMID,0,0,1
4/15/2009,248,4,4,145.04,1.97966078,AM,EQUATORIAL / HOT / HUMID,1,0,1
4/16/2009,248,4,5,46.91,1.78938393,AM,EQUATORIAL / HOT / HUMID,1,0,1
4/17/2009,248,4,6,40.32,2.79042659,AM,EQUATORIAL / HOT / HUMID,0,0,1
4/18/2009,248,4,7,45.22,2.32198142,AM,EQUATORIAL / HOT / HUMID,1,0,1
4/19/2009,248,4,1,11.46,2.19109948,AM,EQUATORIAL / HOT / HUMID,1,0,1
4/20/2009,248,4,2,32.03,2.77083984,AM,EQUATORIAL / HOT / HUMID,0,0,1
4/21/2009,248,4,3,16.95,2.79115044,AM,EQUATORIAL / HOT / HUMID,0,0,1
4/22/2009,248,4,4,60.13,2.21935806,AM,EQUATORIAL / HOT / HUMID,1,0,1
4/23/2009,248,4,5,52.82,2.14615676,AM,EQUATORIAL / HOT / HUMID,1,0,1
4/24/2009,248,4,6,54.7,1.98994516,AM,EQUATORIAL / HOT / HUMID,1,0,1
4/25/2009,248,4,7,50.96,2.32299843,AM,EQUATORIAL / HOT / HUMID,1,0,1
4/26/2009,248,4,1,36.83,1.88976378,AM,EQUATORIAL / HOT / HUMID,1,0,1
4/27/2009,248,4,2,40.18,1.88974614,AM,EQUATORIAL / HOT / HUMID,1,0,1
4/28/2009,248,4,3,29.04,2.79132231,AM,EQUATORIAL / HOT / HUMID,0,0,1
4/29/2009,248,4,4,803.87,0.98009628,AM,EQUATORIAL / HOT / HUMID,1,0,1
4/30/2009,248,4,5,28.87,2.79009352,AM,EQUATORIAL / HOT / HUMID,0,0,1
5/01/2009,248,5,6,38.67,2.80036204,AM,EQUATORIAL / HOT / HUMID,0,0,1
5/02/2009,248,5,7,28.41,2.3248856,AM,EQUATORIAL / HOT / HUMID,1,0,1
5/04/2009,248,5,2,29.61,2.68963188,AM,EQUATORIAL / HOT / HUMID,0,0,1
5/05/2009,248,5,3,31.7,2.48927445,AM,EQUATORIAL / HOT / HUMID,0,0,1
5/06/2009,248,5,4,41.36,2.78989362,AM,EQUATORIAL / HOT / HUMID,0,0,1
5/07/2009,248,5,5,24.13,2.29092416,AM,EQUATORIAL / HOT / HUMID,1,0,1
5/08/2009,248,5,6,285.92,1.70456771,AM,EQUATORIAL / HOT / HUMID,1,0,1
5/13/2009,248,5,4,37.55,2.79014647,AM,EQUATORIAL / HOT / HUMID,0,0,1
5/14/2009,248,5,5,20.47,2.79140205,AM,EQUATORIAL / HOT / HUMID,1,0,1
5/15/2009,248,5,6,45.31,2.38975944,AM,EQUATORIAL / HOT / HUMID,1,0,1
5/16/2009,248,5,7,41.62,2.79048534,AM,EQUATORIAL / HOT / HUMID,0,0,1
5/17/2009,248,5,1,20.84,2.78934741,AM,EQUATORIAL / HOT / HUMID,0,0,1
5/18/2009,248,5,2,22.33,2.78996865,AM,EQUATORIAL / HOT / HUMID,0,0,1
5/19/2009,248,5,3,65.63,2.19030931,AM,EQUATORIAL / HOT / HUMID,0,0,1
5/20/2009,248,5,4,154.89,1.93511524,AM,EQUATORIAL / HOT / HUMID,1,0,1
5/21/2009,248,5,5,107.88,1.88997034,AM,EQUATORIAL / HOT / HUMID,1,0,1
5/22/2009,248,5,6,48.27,2.18997307,AM,EQUATORIAL / HOT / HUMID,0,0,1
5/23/2009,248,5,7,43.66,2.18987632,AM,EQUATORIAL / HOT / HUMID,0,0,1
5/24/2009,248,5,1,26.85,2.19031657,AM,EQUATORIAL / HOT / HUMID,0,0,1
5/25/2009,248,5,2,38.54,2.18993254,AM,EQUATORIAL / HOT / HUMID,0,0,1
5/26/2009,248,5,3,41.14,2.19056879,AM,EQUATORIAL / HOT / HUMID,0,0,1
5/27/2009,248,5,4,124.17,1.9925908,AM,EQUATORIAL / HOT / HUMID,1,0,1
5/28/2009,248,5,5,40.24,2.17967197,AM,EQUATORIAL / HOT / HUMID,0,0,1
5/29/2009,248,5,6,38.96,2.79004107,AM,EQUATORIAL / HOT / HUMID,0,0,1
5/30/2009,248,5,7,30.9,2.26472492,AM,EQUATORIAL / HOT / HUMID,1,0,1
5/31/2009,248,5,1,17.43,2.19104991,AM,EQUATORIAL / HOT / HUMID,1,0,1
6/01/2009,248,6,2,47.64,2.29030227,AM,EQUATORIAL / HOT / HUMID,0,0,1
6/02/2009,248,6,3,6.69,2.59342302,AM,EQUATORIAL / HOT / HUMID,1,0,1
6/04/2009,248,6,5,60.86,2.58577062,AM,EQUATORIAL / HOT / HUMID,1,0,1
6/05/2009,248,6,6,35.57,2.48973854,AM,EQUATORIAL / HOT / HUMID,1,0,1
6/06/2009,248,6,7,37.07,2.79120583,AM,EQUATORIAL / HOT / HUMID,0,0,1
6/07/2009,248,6,1,46.61,2.29113924,AM,EQUATORIAL / HOT / HUMID,1,0,1
6/08/2009,248,6,2,76.63,2.38992562,AM,EQUATORIAL / HOT / HUMID,0,0,1
6/13/2009,248,6,7,37.55,2.78988016,AM,EQUATORIAL / HOT / HUMID,0,0,1
6/14/2009,248,6,1,9.58,2.79331942,AM,EQUATORIAL / HOT / HUMID,0,0,1
6/15/2009,248,6,2,37.22,2.30494358,AM,EQUATORIAL / HOT / HUMID,1,0,1
6/16/2009,248,6,3,43.59,1.98944712,AM,EQUATORIAL / HOT / HUMID,1,0,1
6/17/2009,248,6,4,178.4,1.530213,AM,EQUATORIAL / HOT / HUMID,1,0,1
6/18/2009,248,6,5,32,2.5021875,AM,EQUATORIAL / HOT / HUMID,0,0,1
6/19/2009,248,6,6,38.67,2.7907939,AM,EQUATORIAL / HOT / HUMID,0,0,1
6/20/2009,248,6,7,23.9,2.78995816,AM,EQUATORIAL / HOT / HUMID,0,0,1
6/21/2009,248,6,1,3.45,2.79130435,AM,EQUATORIAL / HOT / HUMID,0,0,1
6/22/2009,248,6,2,11.3,2.39115044,AM,EQUATORIAL / HOT / HUMID,1,0,1
6/23/2009,248,6,3,46.77,1.89010049,AM,EQUATORIAL / HOT / HUMID,1,0,1
6/24/2009,248,6,4,55.2,2.47554348,AM,EQUATORIAL / HOT / HUMID,1,0,1
6/25/2009,248,6,5,101.22,1.89014029,AM,EQUATORIAL / HOT / HUMID,1,0,1
6/27/2009,248,6,7,65.59,2.49047111,AM,EQUATORIAL / HOT / HUMID,0,0,1
6/28/2009,248,6,1,32.72,2.48991443,AM,EQUATORIAL / HOT / HUMID,0,0,1
6/29/2009,248,6,2,45.96,2.48955614,AM,EQUATORIAL / HOT / HUMID,0,0,1
6/30/2009,248,6,3,59.89,2.49039906,AM,EQUATORIAL / HOT / HUMID,0,1,1
7/01/2009,248,7,4,171.19,1.89006367,AM,EQUATORIAL / HOT / HUMID,1,1,1
7/02/2009,248,7,5,18.46,2.49133261,AM,EQUATORIAL / HOT / HUMID,1,1,1
7/04/2009,248,7,7,78.92,1.88988849,AM,EQUATORIAL / HOT / HUMID,1,1,1
7/05/2009,248,7,1,23.23,2.48902282,AM,EQUATORIAL / HOT / HUMID,1,1,1
7/06/2009,248,7,2,28.62,2.7907058,AM,EQUATORIAL / HOT / HUMID,0,1,1
7/07/2009,248,7,3,34.18,2.78964307,AM,EQUATORIAL / HOT / HUMID,0,1,1
7/08/2009,248,7,4,54.69,2.38965076,AM,EQUATORIAL / HOT / HUMID,0,1,1
7/13/2009,248,7,2,38.03,2.48987641,AM,EQUATORIAL / HOT / HUMID,1,1,1
7/14/2009,248,7,3,24.47,2.78994687,AM,EQUATORIAL / HOT / HUMID,0,1,1
7/15/2009,248,7,4,232.77,1.88993427,AM,EQUATORIAL / HOT / HUMID,1,1,1
7/16/2009,248,7,5,44.41,2.78968701,AM,EQUATORIAL / HOT / HUMID,0,1,1
7/17/2009,248,7,6,40.92,2.15029326,AM,EQUATORIAL / HOT / HUMID,0,1,1
7/18/2009,248,7,7,49.53,2.36604078,AM,EQUATORIAL / HOT / HUMID,0,1,1
7/19/2009,248,7,1,33.78,2.39076377,AM,EQUATORIAL / HOT / HUMID,0,1,1
7/20/2009,248,7,2,55.57,1.98506388,AM,EQUATORIAL / HOT / HUMID,1,1,1
7/21/2009,248,7,3,97.89,1.88967208,AM,EQUATORIAL / HOT / HUMID,1,1,1
7/22/2009,248,7,4,169.18,1.89011704,AM,EQUATORIAL / HOT / HUMID,1,1,1
7/23/2009,248,7,5,46.12,2.7896791,AM,EQUATORIAL / HOT / HUMID,0,1,1
7/24/2009,248,7,6,40.32,2.78993056,AM,EQUATORIAL / HOT / HUMID,0,1,1
7/25/2009,248,7,7,62.29,2.18975759,AM,EQUATORIAL / HOT / HUMID,0,1,1
7/26/2009,248,7,1,17.14,2.14994166,AM,EQUATORIAL / HOT / HUMID,0,1,1
7/27/2009,248,7,2,160.05,1.32664792,AM,EQUATORIAL / HOT / HUMID,1,1,1
7/28/2009,248,7,3,80.04,2.11244378,AM,EQUATORIAL / HOT / HUMID,0,1,1
7/29/2009,248,7,4,268.34,1.78001789,AM,EQUATORIAL / HOT / HUMID,1,1,1
7/30/2009,248,7,5,66.32,2.18968637,AM,EQUATORIAL / HOT / HUMID,0,1,1
7/31/2009,248,7,6,63.44,2.18978562,AM,EQUATORIAL / HOT / HUMID,0,1,1
8/01/2009,248,8,7,42.86,2.29048063,AM,EQUATORIAL / HOT / HUMID,0,1,1
8/02/2009,248,8,1,3.54,2.49152542,AM,EQUATORIAL / HOT / HUMID,1,1,1
8/04/2009,248,8,3,91.23,1.85015894,AM,EQUATORIAL / HOT / HUMID,1,1,1
8/05/2009,248,8,4,21.86,2.49085087,AM,EQUATORIAL / HOT / HUMID,0,1,1
8/06/2009,248,8,5,35.76,2.78998881,AM,EQUATORIAL / HOT / HUMID,1,1,1
8/07/2009,248,8,6,54.44,2.4904482,AM,EQUATORIAL / HOT / HUMID,1,1,1
8/08/2009,248,8,7,24.24,2.29084158,AM,EQUATORIAL / HOT / HUMID,0,1,1
8/13/2009,248,8,5,84.4,2.39004739,AM,EQUATORIAL / HOT / HUMID,0,1,1
8/14/2009,248,8,6,104.47,1.9500335,AM,EQUATORIAL / HOT / HUMID,0,1,1
8/15/2009,248,8,7,16.53,1.99032063,AM,EQUATORIAL / HOT / HUMID,0,1,1
8/16/2009,248,8,1,9.22,1.98915401,AM,EQUATORIAL / HOT / HUMID,0,1,1
8/17/2009,248,8,2,71.86,1.9897022,AM,EQUATORIAL / HOT / HUMID,0,1,1
8/18/2009,248,8,3,99.02,2.29004242,AM,EQUATORIAL / HOT / HUMID,0,1,1
8/19/2009,248,8,4,220.7,1.95015859,AM,EQUATORIAL / HOT / HUMID,1,1,1
8/20/2009,248,8,5,41.29,1.98038266,AM,EQUATORIAL / HOT / HUMID,0,1,1
8/21/2009,248,8,6,21.99,2.7899045,AM,EQUATORIAL / HOT / HUMID,0,1,1
8/22/2009,248,8,7,56.23,2.79068113,AM,EQUATORIAL / HOT / HUMID,0,1,1
8/23/2009,248,8,1,34.26,2.79042615,AM,EQUATORIAL / HOT / HUMID,0,1,1
8/24/2009,248,8,2,59.61,2.79013588,AM,EQUATORIAL / HOT / HUMID,0,1,1
8/25/2009,248,8,3,75.46,2.58998145,AM,EQUATORIAL / HOT / HUMID,0,1,1
8/26/2009,248,8,4,126.56,2.48996523,AM,EQUATORIAL / HOT / HUMID,1,1,1
8/27/2009,248,8,5,77.49,2.58975352,AM,EQUATORIAL / HOT / HUMID,0,1,1
8/31/2009,248,8,2,56,2.68964286,AM,EQUATORIAL / HOT / HUMID,0,1,1
9/01/2009,248,9,3,38.01,2.59010787,AM,EQUATORIAL / HOT / HUMID,0,1,1
9/02/2009,248,9,4,7.71,2.49027237,AM,EQUATORIAL / HOT / HUMID,1,1,1
9/04/2009,248,9,6,169.78,1.85004123,AM,EQUATORIAL / HOT / HUMID,1,1,1
9/05/2009,248,9,7,54.41,2.49053483,AM,EQUATORIAL / HOT / HUMID,0,1,1
9/06/2009,248,9,1,40.06,2.38991513,AM,EQUATORIAL / HOT / HUMID,1,1,1
9/07/2009,248,9,2,50.5,2.49069307,AM,EQUATORIAL / HOT / HUMID,0,1,1
9/08/2009,248,9,3,4.47,2.29082774,AM,EQUATORIAL / HOT / HUMID,0,1,1
10/01/2009,248,10,5,80,1.990125,AM,EQUATORIAL / HOT / HUMID,1,1,1
10/02/2009,248,10,6,1.73,2.49710983,AM,EQUATORIAL / HOT / HUMID,1,1,1
10/04/2009,248,10,1,30.94,2.78959276,AM,EQUATORIAL / HOT / HUMID,0,1,1
10/05/2009,248,10,2,17.98,2.49110122,AM,EQUATORIAL / HOT / HUMID,0,1,1
10/06/2009,248,10,3,42.85,2.28028005,AM,EQUATORIAL / HOT / HUMID,1,1,1
10/07/2009,248,10,4,30.7,2.49022801,AM,EQUATORIAL / HOT / HUMID,0,1,1
10/08/2009,248,10,5,4.54,2.2907489,AM,EQUATORIAL / HOT / HUMID,0,1,1
11/01/2009,248,11,1,32.71,1.98929991,AM,EQUATORIAL / HOT / HUMID,1,1,1
11/02/2009,248,11,2,1.74,2.29310345,AM,EQUATORIAL / HOT / HUMID,1,1,1
11/04/2009,248,11,4,108.38,2.14744418,AM,EQUATORIAL / HOT / HUMID,1,1,1
11/05/2009,248,11,5,45.29,2.49017443,AM,EQUATORIAL / HOT / HUMID,0,1,1
11/06/2009,248,11,6,55.91,1.9899839,AM,EQUATORIAL / HOT / HUMID,1,1,1
11/07/2009,248,11,7,27.84,2.51329023,AM,EQUATORIAL / HOT / HUMID,1,1,1
11/08/2009,248,11,1,0.36,2.33333333,AM,EQUATORIAL / HOT / HUMID,0,1,1
12/01/2009,248,12,3,49.77,1.98975286,AM,EQUATORIAL / HOT / HUMID,1,1,1
12/02/2009,248,12,4,12.23,2.59035159,AM,EQUATORIAL / HOT / HUMID,1,1,1
12/04/2009,248,12,6,46.33,1.9894237,AM,EQUATORIAL / HOT / HUMID,1,1,1
12/05/2009,248,12,7,45.02,2.30297645,AM,EQUATORIAL / HOT / HUMID,1,1,1
12/06/2009,248,12,1,81.11,1.99026014,AM,EQUATORIAL / HOT / HUMID,1,1,1
12/07/2009,248,12,2,9.63,2.49117342,AM,EQUATORIAL / HOT / HUMID,1,1,1
12/08/2009,248,12,3,72.42,2.28983706,AM,EQUATORIAL / HOT / HUMID,1,1,1
1/07/2008,264,1,2,46.41,0.99008834,SP,TEMPERED / HUMID,0,0,0
1/08/2008,264,1,3,312.23,0.61006309,SP,TEMPERED / HUMID,1,0,0
1/09/2008,264,1,4,146.89,0.89005378,SP,TEMPERED / HUMID,0,0,0
1/10/2008,264,1,5,1347.4,0.3698011,SP,TEMPERED / HUMID,0,0,0
1/11/2008,264,1,6,62.6,0.98929712,SP,TEMPERED / HUMID,0,0,0
1/12/2008,264,1,7,13.1,0.98091603,SP,TEMPERED / HUMID,0,0,0
2/07/2008,264,2,5,750.25,0.54972343,SP,TEMPERED / HUMID,1,0,0
2/08/2008,264,2,6,251.76,0.61002542,SP,TEMPERED / HUMID,1,0,0
2/09/2008,264,2,7,64.87,1.48142439,SP,TEMPERED / HUMID,0,0,0
2/10/2008,264,2,1,85.36,0.89022962,SP,TEMPERED / HUMID,0,0,0
2/11/2008,264,2,2,43.54,0.9903537,SP,TEMPERED / HUMID,0,0,0
2/12/2008,264,2,3,40.18,0.96938776,SP,TEMPERED / HUMID,0,0,0
3/07/2008,264,3,6,63.79,0.78993573,SP,TEMPERED / HUMID,1,0,0
3/08/2008,264,3,7,82.66,0.60960561,SP,TEMPERED / HUMID,1,0,0
3/09/2008,264,3,1,551.45,0.80143259,SP,TEMPERED / HUMID,1,0,0
3/10/2008,264,3,2,104.38,0.88953823,SP,TEMPERED / HUMID,0,0,0
3/11/2008,264,3,3,104.79,0.98988453,SP,TEMPERED / HUMID,0,0,0
3/12/2008,264,3,4,79.18,0.97941399,SP,TEMPERED / HUMID,1,0,0
4/07/2008,264,4,2,33.58,0.78975581,SP,TEMPERED / HUMID,0,0,0
4/08/2008,264,4,3,13.56,0.9800885,SP,TEMPERED / HUMID,0,0,0
4/09/2008,264,4,4,68.79,1.48946068,SP,TEMPERED / HUMID,0,0,0
4/10/2008,264,4,5,330.49,0.58924627,SP,TEMPERED / HUMID,0,0,0
4/11/2008,264,4,6,76.66,0.88977302,SP,TEMPERED / HUMID,0,0,0
5/07/2008,264,5,4,103.62,0.7895194,SP,TEMPERED / HUMID,0,0,0
5/08/2008,264,5,5,30.35,1.98978583,SP,TEMPERED / HUMID,0,0,0
5/09/2008,264,5,6,74.89,1.33035118,SP,TEMPERED / HUMID,0,0,0
5/10/2008,264,5,7,67.24,0.88905413,SP,TEMPERED / HUMID,0,0,0
5/11/2008,264,5,1,281.71,0.84952611,SP,TEMPERED / HUMID,1,0,0
5/12/2008,264,5,2,46.55,0.98002148,SP,TEMPERED / HUMID,0,0,0
6/07/2008,264,6,7,29.74,0.78984533,SP,TEMPERED / HUMID,0,0,0
6/08/2008,264,6,1,517.27,0.86970054,SP,TEMPERED / HUMID,1,0,0
6/09/2008,264,6,2,133.59,1.34987649,SP,TEMPERED / HUMID,0,0,0
6/10/2008,264,6,3,164.86,0.45784302,SP,TEMPERED / HUMID,0,0,0
6/11/2008,264,6,4,49.37,0.97974478,SP,TEMPERED / HUMID,0,0,0
6/12/2008,264,6,5,74.56,0.97974785,SP,TEMPERED / HUMID,0,0,0
7/07/2008,264,7,2,60.59,0.78923915,SP,TEMPERED / HUMID,0,0,0
7/08/2008,264,7,3,95.79,0.98997808,SP,TEMPERED / HUMID,1,0,0
7/09/2008,264,7,4,111.25,1.34993258,SP,TEMPERED / HUMID,0,0,0
7/10/2008,264,7,5,209.61,0.45703926,SP,TEMPERED / HUMID,0,0,0
7/11/2008,264,7,6,79.88,0.97971958,SP,TEMPERED / HUMID,0,0,0
7/12/2008,264,7,7,47.79,0.97928437,SP,TEMPERED / HUMID,0,0,0
7/13/2008,264,7,1,27.1,0.85571956,SP,TEMPERED / HUMID,0,0,0
7/14/2008,264,7,2,39.28,0.89002037,SP,TEMPERED / HUMID,0,0,0
7/15/2008,264,7,3,62.45,0.94955965,SP,TEMPERED / HUMID,0,0,0
7/16/2008,264,7,4,296.06,0.86958725,SP,TEMPERED / HUMID,1,0,0
7/17/2008,264,7,5,77.53,0.94969689,SP,TEMPERED / HUMID,0,0,0
7/18/2008,264,7,6,115.15,0.79001303,SP,TEMPERED / HUMID,0,0,0
7/19/2008,264,7,7,194.54,0.8896885,SP,TEMPERED / HUMID,0,0,0
7/20/2008,264,7,1,114.43,0.88962685,SP,TEMPERED / HUMID,0,0,0
7/21/2008,264,7,2,49.38,0.88942892,SP,TEMPERED / HUMID,0,0,0
7/22/2008,264,7,3,81.88,0.8894724,SP,TEMPERED / HUMID,0,0,0
7/23/2008,264,7,4,280.33,0.88959441,SP,TEMPERED / HUMID,0,0,0
7/24/2008,264,7,5,26.96,0.89057864,SP,TEMPERED / HUMID,0,0,0
7/25/2008,264,7,6,48.33,0.97992965,SP,TEMPERED / HUMID,0,0,0
7/26/2008,264,7,7,161.49,0.97944145,SP,TEMPERED / HUMID,0,0,0
7/27/2008,264,7,1,111.53,0.9801847,SP,TEMPERED / HUMID,0,0,0
7/28/2008,264,7,2,59.74,0.97991296,SP,TEMPERED / HUMID,0,0,0
7/29/2008,264,7,3,94.66,0.97971688,SP,TEMPERED / HUMID,0,0,0
7/30/2008,264,7,4,239.37,1.08986088,SP,TEMPERED / HUMID,0,0,0
7/31/2008,264,7,5,95.9,1.08936392,SP,TEMPERED / HUMID,1,0,0
8/07/2008,264,8,5,72.09,0.78929116,SP,TEMPERED / HUMID,0,0,0
8/08/2008,264,8,6,119.75,0.88943633,SP,TEMPERED / HUMID,1,0,0
8/09/2008,264,8,7,80.91,1.34989495,SP,TEMPERED / HUMID,0,0,0
8/10/2008,264,8,1,624.98,0.38988448,SP,TEMPERED / HUMID,0,0,0
8/11/2008,264,8,2,89.35,0.97974259,SP,TEMPERED / HUMID,0,0,0
8/12/2008,264,8,3,1.71,0.98245614,SP,TEMPERED / HUMID,0,0,0
8/13/2008,264,8,4,209.69,0.98974677,SP,TEMPERED / HUMID,0,0,0
8/14/2008,264,8,5,54,0.99018519,SP,TEMPERED / HUMID,0,0,0
8/15/2008,264,8,6,118.72,0.98947102,SP,TEMPERED / HUMID,0,0,0
8/16/2008,264,8,7,103.16,0.98982164,SP,TEMPERED / HUMID,0,0,0
8/17/2008,264,8,1,63.77,0.98965031,SP,TEMPERED / HUMID,0,0,0
8/18/2008,264,8,2,38.57,0.98988851,SP,TEMPERED / HUMID,0,0,0
8/19/2008,264,8,3,37.24,0.98979592,SP,TEMPERED / HUMID,0,0,0
8/20/2008,264,8,4,283.13,0.98982799,SP,TEMPERED / HUMID,0,0,0
8/21/2008,264,8,5,48.29,1.08987368,SP,TEMPERED / HUMID,0,0,0
8/22/2008,264,8,6,49.88,1.08901363,SP,TEMPERED / HUMID,0,0,0
8/23/2008,264,8,7,164.68,1.09017488,SP,TEMPERED / HUMID,0,0,0
8/24/2008,264,8,1,95.64,1.08992054,SP,TEMPERED / HUMID,0,0,0
8/25/2008,264,8,2,90.79,1.09009803,SP,TEMPERED / HUMID,0,0,0
8/26/2008,264,8,3,140.01,0.88629384,SP,TEMPERED / HUMID,0,0,0
8/27/2008,264,8,4,906.13,0.66844713,SP,TEMPERED / HUMID,1,0,0
8/28/2008,264,8,5,112.62,0.74951163,SP,TEMPERED / HUMID,1,0,0
8/29/2008,264,8,6,90.66,0.88980807,SP,TEMPERED / HUMID,0,0,0
8/30/2008,264,8,7,154,0.88961039,SP,TEMPERED / HUMID,0,0,0
8/31/2008,264,8,1,106.23,0.88957921,SP,TEMPERED / HUMID,0,0,0
9/07/2008,264,9,1,176.29,0.78966476,SP,TEMPERED / HUMID,0,0,0
9/08/2008,264,9,2,125.9,0.98943606,SP,TEMPERED / HUMID,0,0,0
9/09/2008,264,9,3,57.44,1.7829039,SP,TEMPERED / HUMID,0,0,0
9/10/2008,264,9,4,110.8,0.54169675,SP,TEMPERED / HUMID,0,0,0
9/11/2008,264,9,5,84.75,0.97958702,SP,TEMPERED / HUMID,0,0,0
9/12/2008,264,9,6,42.99,0.88229821,SP,TEMPERED / HUMID,0,0,0
9/13/2008,264,9,7,129.95,1.78999615,SP,TEMPERED / HUMID,0,0,0
9/14/2008,264,9,1,99.81,1.78960024,SP,TEMPERED / HUMID,0,0,0
9/15/2008,264,9,2,64.32,1.79011194,SP,TEMPERED / HUMID,0,0,0
9/16/2008,264,9,3,63.53,1.79002046,SP,TEMPERED / HUMID,0,0,0
9/17/2008,264,9,4,1380.98,0.47981144,SP,TEMPERED / HUMID,1,0,0
9/18/2008,264,9,5,70.31,0.75010667,SP,TEMPERED / HUMID,1,0,0
9/19/2008,264,9,6,246.55,0.58990063,SP,TEMPERED / HUMID,1,0,0
9/20/2008,264,9,7,321.78,0.58990615,SP,TEMPERED / HUMID,1,0,0
9/21/2008,264,9,1,199.99,0.58982949,SP,TEMPERED / HUMID,1,0,0
9/22/2008,264,9,2,225.7,0.5838724,SP,TEMPERED / HUMID,0,0,0
9/23/2008,264,9,3,172.35,0.57800986,SP,TEMPERED / HUMID,0,0,0
9/24/2008,264,9,4,613.39,0.47980893,SP,TEMPERED / HUMID,1,0,0
9/25/2008,264,9,5,104.54,0.62722403,SP,TEMPERED / HUMID,1,0,0
9/26/2008,264,9,6,121.36,0.54985168,SP,TEMPERED / HUMID,1,0,0
9/27/2008,264,9,7,174.82,0.54982267,SP,TEMPERED / HUMID,1,0,0
9/28/2008,264,9,1,28.37,1.7906239,SP,TEMPERED / HUMID,0,0,0
9/29/2008,264,9,2,234.83,0.56977388,SP,TEMPERED / HUMID,0,0,0
9/30/2008,264,9,3,164.27,0.51464053,SP,TEMPERED / HUMID,0,0,0
10/07/2008,264,10,3,29.39,0.7897244,SP,TEMPERED / HUMID,0,0,0
10/08/2008,264,10,4,73.55,0.96845683,SP,TEMPERED / HUMID,0,0,0
10/09/2008,264,10,5,136.93,1.78996568,SP,TEMPERED / HUMID,0,0,0
10/10/2008,264,10,6,111.13,0.46108162,SP,TEMPERED / HUMID,0,0,0
10/11/2008,264,10,7,51.36,0.97955607,SP,TEMPERED / HUMID,0,0,0
10/12/2008,264,10,1,93.94,0.8386204,SP,TEMPERED / HUMID,1,0,0
10/13/2008,264,10,2,78.9,0.78973384,SP,TEMPERED / HUMID,0,0,0
10/14/2008,264,10,3,57.02,0.79024904,SP,TEMPERED / HUMID,0,0,0
10/15/2008,264,10,4,221.44,0.98974892,SP,TEMPERED / HUMID,0,0,0
10/16/2008,264,10,5,128.88,0.98968032,SP,TEMPERED / HUMID,0,0,0
10/17/2008,264,10,6,113.81,0.78921009,SP,TEMPERED / HUMID,0,0,0
10/18/2008,264,10,7,122.15,0.78935735,SP,TEMPERED / HUMID,0,0,0
10/19/2008,264,10,1,91.97,0.78971404,SP,TEMPERED / HUMID,0,0,0
10/20/2008,264,10,2,133.12,0.78951322,SP,TEMPERED / HUMID,0,0,0
10/21/2008,264,10,3,111.29,0.78668344,SP,TEMPERED / HUMID,0,0,0
10/22/2008,264,10,4,182.58,0.74931537,SP,TEMPERED / HUMID,0,0,0
10/23/2008,264,10,5,60.31,0.88492787,SP,TEMPERED / HUMID,0,0,0
10/24/2008,264,10,6,121.2,0.84488449,SP,TEMPERED / HUMID,0,0,0
10/25/2008,264,10,7,122.59,0.88946896,SP,TEMPERED / HUMID,0,0,0
10/26/2008,264,10,1,15.78,0.88973384,SP,TEMPERED / HUMID,0,0,0
10/27/2008,264,10,2,86.64,0.86819021,SP,TEMPERED / HUMID,0,0,0
10/28/2008,264,10,3,25.43,0.88989383,SP,TEMPERED / HUMID,0,0,0
10/29/2008,264,10,4,35.25,0.86950355,SP,TEMPERED / HUMID,0,0,0
10/30/2008,264,10,5,47.97,0.97957056,SP,TEMPERED / HUMID,0,0,0
11/07/2008,264,11,6,73.53,0.749898,SP,TEMPERED / HUMID,0,0,0
11/08/2008,264,11,7,71.64,0.98883305,SP,TEMPERED / HUMID,0,0,0
11/09/2008,264,11,1,80.58,1.78989824,SP,TEMPERED / HUMID,0,0,0
11/10/2008,264,11,2,98.45,0.65017776,SP,TEMPERED / HUMID,0,0,0
11/11/2008,264,11,3,52.67,0.97911525,SP,TEMPERED / HUMID,0,0,0
11/12/2008,264,11,4,28.94,0.97961299,SP,TEMPERED / HUMID,0,0,0
11/13/2008,264,11,5,105.5,0.98,SP,TEMPERED / HUMID,0,0,0
11/14/2008,264,11,6,68.73,0.98006693,SP,TEMPERED / HUMID,0,0,0
11/15/2008,264,11,7,123.51,0.97967776,SP,TEMPERED / HUMID,0,0,0
11/16/2008,264,11,1,93.53,0.97925799,SP,TEMPERED / HUMID,0,0,0
11/17/2008,264,11,2,66.42,0.97877145,SP,TEMPERED / HUMID,0,0,0
11/18/2008,264,11,3,69.07,0.9296366,SP,TEMPERED / HUMID,0,0,0
11/19/2008,264,11,4,339.87,0.5898726,SP,TEMPERED / HUMID,1,0,0
11/20/2008,264,11,5,17.58,0.98009101,SP,TEMPERED / HUMID,0,0,0
11/21/2008,264,11,6,56.98,0.97981748,SP,TEMPERED / HUMID,0,0,0
11/22/2008,264,11,7,255.6,0.97965571,SP,TEMPERED / HUMID,0,0,0
11/23/2008,264,11,1,20.27,0.97977306,SP,TEMPERED / HUMID,0,0,0
11/24/2008,264,11,2,37.05,0.97921727,SP,TEMPERED / HUMID,0,0,0
11/25/2008,264,11,3,26.3,0.97946768,SP,TEMPERED / HUMID,0,0,0
11/26/2008,264,11,4,58.84,0.8699864,SP,TEMPERED / HUMID,1,0,0
11/27/2008,264,11,5,32.39,0.97869713,SP,TEMPERED / HUMID,0,0,0
11/28/2008,264,11,6,46.65,0.98027867,SP,TEMPERED / HUMID,0,0,0
11/29/2008,264,11,7,52.72,0.97989378,SP,TEMPERED / HUMID,0,0,0
11/30/2008,264,11,1,53.91,0.98070859,SP,TEMPERED / HUMID,0,0,0
12/07/2008,264,12,1,39.19,0.89027813,SP,TEMPERED / HUMID,0,0,0
12/08/2008,264,12,2,74.96,0.98892743,SP,TEMPERED / HUMID,0,0,0
12/09/2008,264,12,3,96.4,1.78973029,SP,TEMPERED / HUMID,0,0,0
12/10/2008,264,12,4,49.75,0.78994975,SP,TEMPERED / HUMID,0,0,0
12/11/2008,264,12,5,70.08,0.86929224,SP,TEMPERED / HUMID,1,0,0
12/12/2008,264,12,6,76.51,0.97987191,SP,TEMPERED / HUMID,0,0,0
12/13/2008,264,12,7,69.93,0.97955098,SP,TEMPERED / HUMID,0,0,0
12/14/2008,264,12,1,70.61,0.97974791,SP,TEMPERED / HUMID,0,0,0
12/15/2008,264,12,2,69.73,0.97949233,SP,TEMPERED / HUMID,0,0,0
12/16/2008,264,12,3,34.71,0.980121,SP,TEMPERED / HUMID,0,0,0
12/17/2008,264,12,4,161.86,0.86926974,SP,TEMPERED / HUMID,1,0,0
12/18/2008,264,12,5,39.42,1.2891933,SP,TEMPERED / HUMID,0,0,0
12/19/2008,264,12,6,58.18,1.28927466,SP,TEMPERED / HUMID,0,0,0
12/20/2008,264,12,7,101.75,1.28933661,SP,TEMPERED / HUMID,0,0,0
12/21/2008,264,12,1,72.69,1.29013619,SP,TEMPERED / HUMID,0,0,0
12/22/2008,264,12,2,46.69,1.2895695,SP,TEMPERED / HUMID,0,0,0
12/23/2008,264,12,3,126.55,1.27664955,SP,TEMPERED / HUMID,0,0,0
12/24/2008,264,12,4,121.83,1.28941968,SP,TEMPERED / HUMID,0,0,0
12/26/2008,264,12,6,64.44,1.28941651,SP,TEMPERED / HUMID,0,0,0
12/27/2008,264,12,7,75.21,1.28998803,SP,TEMPERED / HUMID,0,0,0
12/28/2008,264,12,1,53.95,1.29008341,SP,TEMPERED / HUMID,0,0,0
12/29/2008,264,12,2,78.4,1.28966837,SP,TEMPERED / HUMID,0,0,0
12/30/2008,264,12,3,177.07,0.88970464,SP,TEMPERED / HUMID,1,0,0
12/31/2008,264,12,4,168.83,0.88947462,SP,TEMPERED / HUMID,1,0,0
1/02/2009,264,1,6,150.83,0.88974342,SP,TEMPERED / HUMID,1,0,0
1/04/2009,264,1,1,183.02,1.24948093,SP,TEMPERED / HUMID,0,0,0
1/05/2009,264,1,2,66.11,0.94993193,SP,TEMPERED / HUMID,0,0,0
1/06/2009,264,1,3,51.29,1.18990057,SP,TEMPERED / HUMID,0,0,0
1/07/2009,264,1,4,100.54,0.69017307,SP,TEMPERED / HUMID,1,0,0
1/08/2009,264,1,5,124.09,0.85018938,SP,TEMPERED / HUMID,0,0,0
1/13/2009,264,1,3,106.49,1.28988637,SP,TEMPERED / HUMID,0,0,0
1/14/2009,264,1,4,215.03,1.28972701,SP,TEMPERED / HUMID,0,0,0
1/15/2009,264,1,5,82.97,1.28986381,SP,TEMPERED / HUMID,0,0,0
1/16/2009,264,1,6,115.72,1.28966471,SP,TEMPERED / HUMID,0,0,0
1/17/2009,264,1,7,106.57,0.99343155,SP,TEMPERED / HUMID,1,0,0
1/18/2009,264,1,1,123.73,0.68980845,SP,TEMPERED / HUMID,1,0,0
1/19/2009,264,1,2,123.43,1.28963785,SP,TEMPERED / HUMID,0,0,0
1/20/2009,264,1,3,71.63,1.23035041,SP,TEMPERED / HUMID,0,0,0
1/21/2009,264,1,4,135.25,0.74987061,SP,TEMPERED / HUMID,1,0,0
1/22/2009,264,1,5,37.06,1.28926066,SP,TEMPERED / HUMID,0,0,0
1/23/2009,264,1,6,94.36,0.97975837,SP,TEMPERED / HUMID,1,0,0
1/24/2009,264,1,7,178.83,0.97964547,SP,TEMPERED / HUMID,0,0,0
1/25/2009,264,1,1,100.96,0.97989303,SP,TEMPERED / HUMID,0,0,0
1/26/2009,264,1,2,99.09,0.97921082,SP,TEMPERED / HUMID,0,0,1
1/27/2009,264,1,3,72.47,0.97129847,SP,TEMPERED / HUMID,0,0,1
1/28/2009,264,1,4,240.2,0.74966694,SP,TEMPERED / HUMID,1,0,1
1/29/2009,264,1,5,95.63,0.78991948,SP,TEMPERED / HUMID,0,0,1
1/30/2009,264,1,6,78.69,0.78980811,SP,TEMPERED / HUMID,0,0,1
1/31/2009,264,1,7,167.01,0.90856835,SP,TEMPERED / HUMID,0,0,1
2/01/2009,264,2,1,74.59,1.2846226,SP,TEMPERED / HUMID,0,0,1
2/02/2009,264,2,2,172.49,0.88950084,SP,TEMPERED / HUMID,1,0,1
2/04/2009,264,2,4,57.19,1.24986886,SP,TEMPERED / HUMID,0,0,1
2/05/2009,264,2,5,102.26,0.94963818,SP,TEMPERED / HUMID,0,0,1
2/06/2009,264,2,6,57.78,1.07649706,SP,TEMPERED / HUMID,0,0,1
2/07/2009,264,2,7,35.05,0.88958631,SP,TEMPERED / HUMID,0,0,1
2/08/2009,264,2,1,52.72,0.8495827,SP,TEMPERED / HUMID,0,0,1
2/13/2009,264,2,6,97.01,0.98010514,SP,TEMPERED / HUMID,0,0,1
2/14/2009,264,2,7,150.9,0.97958913,SP,TEMPERED / HUMID,0,0,1
2/15/2009,264,2,1,143.71,0.97961172,SP,TEMPERED / HUMID,0,0,1
2/16/2009,264,2,2,93.33,0.97878496,SP,TEMPERED / HUMID,0,0,1
2/17/2009,264,2,3,58.32,1.36659808,SP,TEMPERED / HUMID,0,0,1
2/18/2009,264,2,4,117.4,1.48969336,SP,TEMPERED / HUMID,0,0,1
2/19/2009,264,2,5,55.35,1.45004517,SP,TEMPERED / HUMID,0,0,1
2/20/2009,264,2,6,58.38,1.44981158,SP,TEMPERED / HUMID,0,0,1
2/21/2009,264,2,7,58.03,1.45011201,SP,TEMPERED / HUMID,0,0,1
2/22/2009,264,2,1,27.56,1.4488389,SP,TEMPERED / HUMID,0,0,1
2/23/2009,264,2,2,50.95,1.44828263,SP,TEMPERED / HUMID,0,0,1
2/24/2009,264,2,3,34.63,1.16777361,SP,TEMPERED / HUMID,0,0,1
2/25/2009,264,2,4,183.11,0.84998089,SP,TEMPERED / HUMID,1,0,1
2/26/2009,264,2,5,57.13,1.24453002,SP,TEMPERED / HUMID,0,0,1
2/27/2009,264,2,6,82.81,1.44934187,SP,TEMPERED / HUMID,0,0,1
2/28/2009,264,2,7,139.57,1.44945189,SP,TEMPERED / HUMID,0,0,1
3/01/2009,264,3,1,51.64,1.28950426,SP,TEMPERED / HUMID,0,0,1
3/02/2009,264,3,2,95.84,0.97934057,SP,TEMPERED / HUMID,0,0,1
3/04/2009,264,3,4,62.76,1.13814532,SP,TEMPERED / HUMID,1,0,1
3/05/2009,264,3,5,63.64,0.95018856,SP,TEMPERED / HUMID,0,0,1
3/06/2009,264,3,6,107.02,0.93982433,SP,TEMPERED / HUMID,1,0,1
3/07/2009,264,3,7,35.37,0.89001979,SP,TEMPERED / HUMID,1,0,1
3/08/2009,264,3,1,76.11,0.84942846,SP,TEMPERED / HUMID,0,0,1
4/01/2009,264,4,4,67.54,1.28886586,SP,TEMPERED / HUMID,0,0,1
4/02/2009,264,4,5,273.65,0.97968208,SP,TEMPERED / HUMID,0,0,1
4/04/2009,264,4,7,67.09,1.15009688,SP,TEMPERED / HUMID,1,0,1
4/05/2009,264,4,1,37.34,0.94938404,SP,TEMPERED / HUMID,0,0,1
4/06/2009,264,4,2,61.62,1.18971113,SP,TEMPERED / HUMID,0,0,1
4/07/2009,264,4,3,49.67,0.88947051,SP,TEMPERED / HUMID,1,0,1
4/08/2009,264,4,4,63.62,0.81530965,SP,TEMPERED / HUMID,0,0,1
4/13/2009,264,4,2,36.48,0.94928728,SP,TEMPERED / HUMID,1,0,1
4/14/2009,264,4,3,41.86,1.11108457,SP,TEMPERED / HUMID,0,0,1
4/15/2009,264,4,4,75.69,0.97952173,SP,TEMPERED / HUMID,1,0,1
4/16/2009,264,4,5,10.48,1.2490458,SP,TEMPERED / HUMID,0,0,1
4/17/2009,264,4,6,45.78,1.24923547,SP,TEMPERED / HUMID,0,0,1
4/18/2009,264,4,7,42.1,1.24916865,SP,TEMPERED / HUMID,0,0,1
4/19/2009,264,4,1,33.71,1.24948087,SP,TEMPERED / HUMID,0,0,1
4/20/2009,264,4,2,59.77,1.24995817,SP,TEMPERED / HUMID,0,0,1
4/21/2009,264,4,3,78.44,1.1872769,SP,TEMPERED / HUMID,0,0,1
4/22/2009,264,4,4,130.56,0.9385723,SP,TEMPERED / HUMID,1,0,1
4/23/2009,264,4,5,26.53,0.94986807,SP,TEMPERED / HUMID,1,0,1
4/24/2009,264,4,6,58.31,0.94872235,SP,TEMPERED / HUMID,0,0,1
4/25/2009,264,4,7,93.01,0.9494678,SP,TEMPERED / HUMID,0,0,1
4/26/2009,264,4,1,42.58,0.94974166,SP,TEMPERED / HUMID,0,0,1
4/27/2009,264,4,2,36.5,0.9490411,SP,TEMPERED / HUMID,0,0,1
4/28/2009,264,4,3,26.36,0.89681335,SP,TEMPERED / HUMID,0,0,1
4/29/2009,264,4,4,104.72,0.95015279,SP,TEMPERED / HUMID,1,0,1
4/30/2009,264,4,5,99.83,1.28959231,SP,TEMPERED / HUMID,0,0,1
5/01/2009,264,5,6,30.72,1.29036458,SP,TEMPERED / HUMID,0,0,1
5/02/2009,264,5,7,77.49,2.18983095,SP,TEMPERED / HUMID,0,0,1
5/04/2009,264,5,2,51.48,1.14957265,SP,TEMPERED / HUMID,1,0,1
5/05/2009,264,5,3,14.53,0.9889883,SP,TEMPERED / HUMID,0,0,1
5/06/2009,264,5,4,92.46,0.88946571,SP,TEMPERED / HUMID,1,0,1
5/07/2009,264,5,5,49.6,0.88991935,SP,TEMPERED / HUMID,0,0,1
5/08/2009,264,5,6,281.32,0.47956064,SP,TEMPERED / HUMID,1,0,1
5/13/2009,264,5,4,80.83,0.88890264,SP,TEMPERED / HUMID,1,0,1
5/14/2009,264,5,5,60.79,0.98996545,SP,TEMPERED / HUMID,0,0,1
5/15/2009,264,5,6,66.94,0.98954287,SP,TEMPERED / HUMID,0,0,1
5/16/2009,264,5,7,147.28,0.98961162,SP,TEMPERED / HUMID,0,0,1
5/17/2009,264,5,1,111.85,0.98953956,SP,TEMPERED / HUMID,0,0,1
5/18/2009,264,5,2,74.98,0.98946386,SP,TEMPERED / HUMID,0,0,1
5/19/2009,264,5,3,98.2,0.86547862,SP,TEMPERED / HUMID,0,0,1
5/20/2009,264,5,4,238.5,0.77953878,SP,TEMPERED / HUMID,1,0,1
5/21/2009,264,5,5,76.29,0.98964478,SP,TEMPERED / HUMID,0,0,1
5/22/2009,264,5,6,97.45,0.88968702,SP,TEMPERED / HUMID,0,0,1
5/23/2009,264,5,7,83.34,0.88948884,SP,TEMPERED / HUMID,0,0,1
5/24/2009,264,5,1,90.99,0.89009781,SP,TEMPERED / HUMID,0,0,1
5/25/2009,264,5,2,81.84,0.88954057,SP,TEMPERED / HUMID,0,0,1
5/26/2009,264,5,3,90.68,0.82576092,SP,TEMPERED / HUMID,0,0,1
5/27/2009,264,5,4,78.51,0.88956821,SP,TEMPERED / HUMID,1,0,1
5/28/2009,264,5,5,38.34,0.88993219,SP,TEMPERED / HUMID,0,0,1
5/29/2009,264,5,6,58.1,1.18984509,SP,TEMPERED / HUMID,0,0,1
5/30/2009,264,5,7,44.02,1.18968651,SP,TEMPERED / HUMID,0,0,1
5/31/2009,264,5,1,32.14,1.19041693,SP,TEMPERED / HUMID,0,0,1
6/01/2009,264,6,2,83.76,1.26038682,SP,TEMPERED / HUMID,0,0,1
6/02/2009,264,6,3,48.45,2.19009288,SP,TEMPERED / HUMID,0,0,1
6/04/2009,264,6,5,58.45,1.15004277,SP,TEMPERED / HUMID,0,0,1
6/05/2009,264,6,6,65.89,0.9500683,SP,TEMPERED / HUMID,1,0,1
6/06/2009,264,6,7,87.83,0.8900148,SP,TEMPERED / HUMID,1,0,1
6/07/2009,264,6,1,40.18,0.88949726,SP,TEMPERED / HUMID,0,0,1
6/08/2009,264,6,2,2.79,0.84946237,SP,TEMPERED / HUMID,0,0,1
6/13/2009,264,6,7,68.46,0.89030091,SP,TEMPERED / HUMID,0,0,1
6/14/2009,264,6,1,54.23,0.88991333,SP,TEMPERED / HUMID,0,0,1
6/15/2009,264,6,2,59,0.89033898,SP,TEMPERED / HUMID,0,0,1
6/16/2009,264,6,3,65.22,0.83578657,SP,TEMPERED / HUMID,0,0,1
6/17/2009,264,6,4,138.16,0.88969311,SP,TEMPERED / HUMID,1,0,1
6/18/2009,264,6,5,35.35,0.88967468,SP,TEMPERED / HUMID,0,0,1
6/20/2009,264,6,7,95.68,0.88973662,SP,TEMPERED / HUMID,0,0,1
6/21/2009,264,6,1,149.09,0.88993226,SP,TEMPERED / HUMID,0,0,1
6/22/2009,264,6,2,93.76,0.88971843,SP,TEMPERED / HUMID,0,0,1
6/23/2009,264,6,3,41.23,0.86732961,SP,TEMPERED / HUMID,0,0,1
6/24/2009,264,6,4,109.01,0.89019356,SP,TEMPERED / HUMID,1,0,1
6/25/2009,264,6,5,128.93,0.88792368,SP,TEMPERED / HUMID,0,0,1
6/27/2009,264,6,7,86.73,0.92943618,SP,TEMPERED / HUMID,1,0,1
6/29/2009,264,6,2,90.16,0.93023514,SP,TEMPERED / HUMID,0,0,1
6/30/2009,264,6,3,37.48,0.86179296,SP,TEMPERED / HUMID,0,1,1
7/01/2009,264,7,4,217.49,0.87967263,SP,TEMPERED / HUMID,1,1,1
7/02/2009,264,7,5,196.59,0.97965309,SP,TEMPERED / HUMID,0,1,1
7/04/2009,264,7,7,71.96,1.07518066,SP,TEMPERED / HUMID,0,1,1
7/05/2009,264,7,1,46.3,0.97991361,SP,TEMPERED / HUMID,1,1,1
7/06/2009,264,7,2,61.76,0.88989637,SP,TEMPERED / HUMID,1,1,1
7/07/2009,264,7,3,31.48,0.77890724,SP,TEMPERED / HUMID,0,1,1
7/08/2009,264,7,4,96.54,0.84949244,SP,TEMPERED / HUMID,0,1,1
7/13/2009,264,7,2,49.27,0.88958798,SP,TEMPERED / HUMID,0,1,1
7/14/2009,264,7,3,100.21,0.85580281,SP,TEMPERED / HUMID,0,1,1
7/15/2009,264,7,4,292.15,0.73982543,SP,TEMPERED / HUMID,1,1,1
7/16/2009,264,7,5,41.35,0.8904474,SP,TEMPERED / HUMID,0,1,1
7/17/2009,264,7,6,54.65,0.8894785,SP,TEMPERED / HUMID,0,1,1
7/18/2009,264,7,7,63.11,0.88955791,SP,TEMPERED / HUMID,0,1,1
7/19/2009,264,7,1,55.17,0.88961392,SP,TEMPERED / HUMID,0,1,1
7/20/2009,264,7,2,96.4,0.89014523,SP,TEMPERED / HUMID,0,1,1
7/21/2009,264,7,3,110.32,0.81055112,SP,TEMPERED / HUMID,0,1,1
7/22/2009,264,7,4,304.02,0.76965331,SP,TEMPERED / HUMID,1,1,1
7/23/2009,264,7,5,75.39,0.94959544,SP,TEMPERED / HUMID,0,1,1
7/24/2009,264,7,6,128.5,0.87968872,SP,TEMPERED / HUMID,0,1,1
7/25/2009,264,7,7,108,0.88666667,SP,TEMPERED / HUMID,0,1,1
7/26/2009,264,7,1,80.52,0.89021361,SP,TEMPERED / HUMID,0,1,1
7/27/2009,264,7,2,39.76,0.88933602,SP,TEMPERED / HUMID,0,1,1
7/28/2009,264,7,3,93.27,0.76273185,SP,TEMPERED / HUMID,0,1,1
7/29/2009,264,7,4,177.79,0.73997413,SP,TEMPERED / HUMID,1,1,1
7/31/2009,264,7,6,78.56,0.84979633,SP,TEMPERED / HUMID,0,1,1
8/01/2009,264,8,7,74.84,1.28981828,SP,TEMPERED / HUMID,0,1,1
8/02/2009,264,8,1,112.59,0.97992717,SP,TEMPERED / HUMID,0,1,1
8/04/2009,264,8,3,136.91,0.94952889,SP,TEMPERED / HUMID,1,1,1
8/05/2009,264,8,4,40.33,0.97966774,SP,TEMPERED / HUMID,1,1,1
8/06/2009,264,8,5,65.45,0.88968678,SP,TEMPERED / HUMID,0,1,1
8/07/2009,264,8,6,161.5,0.47975232,SP,TEMPERED / HUMID,1,1,1
8/08/2009,264,8,7,67.8,0.85,SP,TEMPERED / HUMID,0,1,1
8/13/2009,264,8,5,116.94,0.84975201,SP,TEMPERED / HUMID,0,1,1
8/14/2009,264,8,6,119.8,0.84966611,SP,TEMPERED / HUMID,0,1,1
8/15/2009,264,8,7,149.55,0.84968238,SP,TEMPERED / HUMID,0,1,1
8/16/2009,264,8,1,89.87,0.84978302,SP,TEMPERED / HUMID,0,1,1
8/17/2009,264,8,2,51.73,0.84979702,SP,TEMPERED / HUMID,0,1,1
8/18/2009,264,8,3,62.46,0.79058598,SP,TEMPERED / HUMID,0,1,1
8/19/2009,264,8,4,58.05,0.77950043,SP,TEMPERED / HUMID,1,1,1
8/20/2009,264,8,5,31.69,0.89018618,SP,TEMPERED / HUMID,0,1,1
8/21/2009,264,8,6,26.13,0.74971297,SP,TEMPERED / HUMID,1,1,1
8/22/2009,264,8,7,40.74,0.74987727,SP,TEMPERED / HUMID,1,1,1
8/23/2009,264,8,1,59.65,0.74970662,SP,TEMPERED / HUMID,1,1,1
8/24/2009,264,8,2,87,0.95022989,SP,TEMPERED / HUMID,0,1,1
8/25/2009,264,8,3,125.27,0.8650914,SP,TEMPERED / HUMID,0,1,1
8/26/2009,264,8,4,334.33,0.78960907,SP,TEMPERED / HUMID,1,1,1
8/27/2009,264,8,5,117.88,0.94977944,SP,TEMPERED / HUMID,0,1,1
8/31/2009,264,8,2,92.14,0.98979813,SP,TEMPERED / HUMID,0,1,1
9/01/2009,264,9,3,120.77,1.28997268,SP,TEMPERED / HUMID,0,1,1
9/02/2009,264,9,4,90.28,0.9795082,SP,TEMPERED / HUMID,0,1,1
9/04/2009,264,9,6,86.07,0.94202393,SP,TEMPERED / HUMID,1,1,1
9/05/2009,264,9,7,39.14,0.97981604,SP,TEMPERED / HUMID,1,1,1
9/06/2009,264,9,1,46.3,0.92116631,SP,TEMPERED / HUMID,0,1,1
9/07/2009,264,9,2,39.27,0.85612427,SP,TEMPERED / HUMID,0,1,1
9/08/2009,264,9,3,79.29,0.8497919,SP,TEMPERED / HUMID,0,1,1
10/01/2009,264,10,5,165.93,1.29000181,SP,TEMPERED / HUMID,0,1,1
10/02/2009,264,10,6,100.25,0.95780549,SP,TEMPERED / HUMID,0,1,1
10/04/2009,264,10,1,47.58,1.25010509,SP,TEMPERED / HUMID,0,1,1
10/05/2009,264,10,2,27.87,0.98026552,SP,TEMPERED / HUMID,1,1,1
10/06/2009,264,10,3,231.63,0.66990459,SP,TEMPERED / HUMID,1,1,1
10/07/2009,264,10,4,61.87,0.88928398,SP,TEMPERED / HUMID,0,1,1
10/08/2009,264,10,5,60.93,0.8493353,SP,TEMPERED / HUMID,0,1,1
11/01/2009,264,11,1,82.37,1.28978997,SP,TEMPERED / HUMID,0,1,1
11/02/2009,264,11,2,236.66,0.97967548,SP,TEMPERED / HUMID,0,1,1
11/04/2009,264,11,4,81.66,1.24944893,SP,TEMPERED / HUMID,0,1,1
11/05/2009,264,11,5,37.05,0.9902834,SP,TEMPERED / HUMID,0,1,1
11/06/2009,264,11,6,103.69,0.95708361,SP,TEMPERED / HUMID,0,1,1
11/07/2009,264,11,7,38.22,0.89037153,SP,TEMPERED / HUMID,0,1,1
11/08/2009,264,11,1,114.38,0.83747159,SP,TEMPERED / HUMID,0,1,1
12/01/2009,264,12,3,73.06,1.28976184,SP,TEMPERED / HUMID,0,1,1
12/02/2009,264,12,4,104.15,0.97945271,SP,TEMPERED / HUMID,0,1,1
12/04/2009,264,12,6,34.26,1.25014594,SP,TEMPERED / HUMID,0,1,1
12/05/2009,264,12,7,26.88,0.92745536,SP,TEMPERED / HUMID,0,1,1
12/06/2009,264,12,1,99.53,0.98030744,SP,TEMPERED / HUMID,0,1,1
12/07/2009,264,12,2,79.08,0.88973192,SP,TEMPERED / HUMID,0,1,1
1/07/2008,272,1,2,18.5,1.27837838,SP,TEMPERED / HUMID,0,0,0
1/08/2008,272,1,3,57.8,0.97698962,SP,TEMPERED / HUMID,0,0,0
1/09/2008,272,1,4,34.99,0.78708202,SP,TEMPERED / HUMID,0,0,0
1/10/2008,272,1,5,1275.58,0.36823249,SP,TEMPERED / HUMID,0,0,0
1/11/2008,272,1,6,37.28,0.98631974,SP,TEMPERED / HUMID,0,0,0
1/12/2008,272,1,7,37.27,0.9476791,SP,TEMPERED / HUMID,0,0,0
2/07/2008,272,2,5,440.42,0.54806775,SP,TEMPERED / HUMID,1,0,0
2/08/2008,272,2,6,73.92,0.97740801,SP,TEMPERED / HUMID,0,0,0
2/09/2008,272,2,7,30.88,1.34812176,SP,TEMPERED / HUMID,0,0,0
2/10/2008,272,2,1,28.74,0.98643006,SP,TEMPERED / HUMID,0,0,0
2/11/2008,272,2,2,44.79,0.98839027,SP,TEMPERED / HUMID,0,0,0
2/12/2008,272,2,3,41.44,0.94739382,SP,TEMPERED / HUMID,0,0,0
3/07/2008,272,3,6,41.54,0.98748195,SP,TEMPERED / HUMID,1,0,0
3/08/2008,272,3,7,53.5,0.97794393,SP,TEMPERED / HUMID,0,0,0
3/09/2008,272,3,1,227.38,0.77759697,SP,TEMPERED / HUMID,1,0,0
3/10/2008,272,3,2,52.17,0.88767491,SP,TEMPERED / HUMID,0,0,0
3/11/2008,272,3,3,23.99,0.98707795,SP,TEMPERED / HUMID,0,0,0
3/12/2008,272,3,4,368.37,0.58305508,SP,TEMPERED / HUMID,1,0,0
4/07/2008,272,4,2,32.74,1.11301161,SP,TEMPERED / HUMID,0,0,0
4/08/2008,272,4,3,28.4,0.97605634,SP,TEMPERED / HUMID,0,0,0
4/09/2008,272,4,4,55.31,1.17356717,SP,TEMPERED / HUMID,0,0,0
4/10/2008,272,4,5,139.66,0.78726908,SP,TEMPERED / HUMID,0,0,0
4/11/2008,272,4,6,5.42,0.98892989,SP,TEMPERED / HUMID,0,0,0
5/07/2008,272,5,4,36.93,1.17682101,SP,TEMPERED / HUMID,0,0,0
5/08/2008,272,5,5,39.92,0.97720441,SP,TEMPERED / HUMID,0,0,0
5/09/2008,272,5,6,55.15,0.99873073,SP,TEMPERED / HUMID,1,0,0
5/10/2008,272,5,7,102.2,0.78786693,SP,TEMPERED / HUMID,0,0,0
5/11/2008,272,5,1,130.47,0.84762781,SP,TEMPERED / HUMID,1,0,0
5/12/2008,272,5,2,57.04,0.94740533,SP,TEMPERED / HUMID,0,0,0
6/07/2008,272,6,7,34.35,1.17845706,SP,TEMPERED / HUMID,0,0,0
6/08/2008,272,6,1,226.4,0.86775618,SP,TEMPERED / HUMID,1,0,0
6/09/2008,272,6,2,107.71,0.88775415,SP,TEMPERED / HUMID,1,0,0
6/10/2008,272,6,3,44.53,0.88704244,SP,TEMPERED / HUMID,0,0,0
6/11/2008,272,6,4,25.34,1.14877664,SP,TEMPERED / HUMID,0,0,0
6/12/2008,272,6,5,102.76,0.78766057,SP,TEMPERED / HUMID,1,0,0
7/07/2008,272,7,2,9.76,1.17520492,SP,TEMPERED / HUMID,0,0,0
7/08/2008,272,7,3,28.75,0.97773913,SP,TEMPERED / HUMID,0,0,0
7/09/2008,272,7,4,61.9,0.88772213,SP,TEMPERED / HUMID,1,0,0
7/10/2008,272,7,5,42.05,0.8863258,SP,TEMPERED / HUMID,0,0,0
7/11/2008,272,7,6,29.86,1.14701942,SP,TEMPERED / HUMID,0,0,0
7/12/2008,272,7,7,41.37,0.78776891,SP,TEMPERED / HUMID,1,0,0
7/13/2008,272,7,1,27.95,0.98640429,SP,TEMPERED / HUMID,1,0,0
7/14/2008,272,7,2,6.71,0.98658718,SP,TEMPERED / HUMID,1,0,0
7/15/2008,272,7,3,4.54,0.98678414,SP,TEMPERED / HUMID,1,0,0
7/16/2008,272,7,4,120.96,0.86714616,SP,TEMPERED / HUMID,1,0,0
7/17/2008,272,7,5,24.41,1.24825891,SP,TEMPERED / HUMID,0,0,0
7/18/2008,272,7,6,46.67,0.88750804,SP,TEMPERED / HUMID,0,0,0
7/19/2008,272,7,7,31.93,1.1869715,SP,TEMPERED / HUMID,0,0,0
7/20/2008,272,7,1,22.42,1.18733274,SP,TEMPERED / HUMID,0,0,0
7/21/2008,272,7,2,10.11,1.1859545,SP,TEMPERED / HUMID,0,0,0
7/22/2008,272,7,3,47.67,0.94734634,SP,TEMPERED / HUMID,0,0,0
7/23/2008,272,7,4,124.81,0.94744011,SP,TEMPERED / HUMID,0,0,0
7/24/2008,272,7,5,13.67,0.94806145,SP,TEMPERED / HUMID,0,0,0
7/25/2008,272,7,6,24.89,0.98714343,SP,TEMPERED / HUMID,0,0,0
7/26/2008,272,7,7,39.36,0.98755081,SP,TEMPERED / HUMID,0,0,0
7/27/2008,272,7,1,33.39,0.98772087,SP,TEMPERED / HUMID,0,0,0
7/28/2008,272,7,2,32.77,0.98687824,SP,TEMPERED / HUMID,0,0,0
7/29/2008,272,7,3,39.77,0.98843349,SP,TEMPERED / HUMID,0,0,0
7/30/2008,272,7,4,158.66,0.9877726,SP,TEMPERED / HUMID,0,0,0
7/31/2008,272,7,5,73.23,0.97760481,SP,TEMPERED / HUMID,0,0,0
8/07/2008,272,8,5,37.13,0.93913278,SP,TEMPERED / HUMID,1,0,0
8/08/2008,272,8,6,14.11,0.97661233,SP,TEMPERED / HUMID,0,0,0
8/09/2008,272,8,7,22.84,1.18651489,SP,TEMPERED / HUMID,0,0,0
8/10/2008,272,8,1,198.91,0.98728068,SP,TEMPERED / HUMID,0,0,0
8/11/2008,272,8,2,13.13,0.98705255,SP,TEMPERED / HUMID,0,0,0
8/12/2008,272,8,3,34.25,0.7880292,SP,TEMPERED / HUMID,1,0,0
8/13/2008,272,8,4,131.52,1.1875,SP,TEMPERED / HUMID,0,0,0
8/14/2008,272,8,5,22.1,0.98778281,SP,TEMPERED / HUMID,1,0,0
8/15/2008,272,8,6,36.55,0.9871409,SP,TEMPERED / HUMID,1,0,0
8/16/2008,272,8,7,51.16,0.9870993,SP,TEMPERED / HUMID,1,0,0
8/17/2008,272,8,1,34.47,1.17725558,SP,TEMPERED / HUMID,0,0,0
8/18/2008,272,8,2,26.29,1.17763408,SP,TEMPERED / HUMID,0,0,0
8/19/2008,272,8,3,24.51,1.07711138,SP,TEMPERED / HUMID,1,0,0
8/20/2008,272,8,4,150.39,0.98710021,SP,TEMPERED / HUMID,1,0,0
8/21/2008,272,8,5,33.39,0.98712189,SP,TEMPERED / HUMID,1,0,0
8/22/2008,272,8,6,36.09,1.18758659,SP,TEMPERED / HUMID,0,0,0
8/23/2008,272,8,7,38.2,1.08664921,SP,TEMPERED / HUMID,0,0,0
8/24/2008,272,8,1,34.61,1.08783589,SP,TEMPERED / HUMID,0,0,0
8/25/2008,272,8,2,60.53,1.08739468,SP,TEMPERED / HUMID,0,0,0
8/26/2008,272,8,3,32.81,0.98689424,SP,TEMPERED / HUMID,0,0,0
8/27/2008,272,8,4,619.95,0.66792483,SP,TEMPERED / HUMID,1,0,0
8/28/2008,272,8,5,41.71,0.74730281,SP,TEMPERED / HUMID,1,0,0
8/29/2008,272,8,6,64.86,1.11810052,SP,TEMPERED / HUMID,0,0,0
8/30/2008,272,8,7,40.74,0.78645066,SP,TEMPERED / HUMID,0,0,0
8/31/2008,272,8,1,18.69,0.78758694,SP,TEMPERED / HUMID,0,0,0
9/07/2008,272,9,1,182.46,0.88792064,SP,TEMPERED / HUMID,1,0,0
9/08/2008,272,9,2,25.01,0.97760896,SP,TEMPERED / HUMID,0,0,0
9/09/2008,272,9,3,46.33,0.88754587,SP,TEMPERED / HUMID,1,0,0
9/10/2008,272,9,4,25.22,0.98572561,SP,TEMPERED / HUMID,0,0,0
9/11/2008,272,9,5,10.31,0.98836081,SP,TEMPERED / HUMID,0,0,0
9/12/2008,272,9,6,23.43,0.83866837,SP,TEMPERED / HUMID,1,0,0
9/13/2008,272,9,7,33.86,1.18694625,SP,TEMPERED / HUMID,0,0,0
9/14/2008,272,9,1,29.48,1.1875848,SP,TEMPERED / HUMID,0,0,0
9/15/2008,272,9,2,25.16,1.18720191,SP,TEMPERED / HUMID,0,0,0
9/16/2008,272,9,3,48.74,1.18752565,SP,TEMPERED / HUMID,0,0,0
9/17/2008,272,9,4,876.17,0.47801226,SP,TEMPERED / HUMID,1,0,0
9/18/2008,272,9,5,40.16,0.74750996,SP,TEMPERED / HUMID,1,0,0
9/19/2008,272,9,6,42.99,0.98743894,SP,TEMPERED / HUMID,0,0,0
9/20/2008,272,9,7,48.88,0.98752046,SP,TEMPERED / HUMID,0,0,0
9/21/2008,272,9,1,42.79,0.98667913,SP,TEMPERED / HUMID,0,0,0
9/22/2008,272,9,2,37.06,0.9867782,SP,TEMPERED / HUMID,0,0,0
9/23/2008,272,9,3,32.16,0.9869403,SP,TEMPERED / HUMID,0,0,0
9/24/2008,272,9,4,737.26,0.47821664,SP,TEMPERED / HUMID,1,0,0
9/25/2008,272,9,5,82.47,0.78792288,SP,TEMPERED / HUMID,1,0,0
9/26/2008,272,9,6,39.3,0.98804071,SP,TEMPERED / HUMID,0,0,0
9/27/2008,272,9,7,47.92,0.98789649,SP,TEMPERED / HUMID,0,0,0
9/28/2008,272,9,1,32.83,0.98690222,SP,TEMPERED / HUMID,0,0,0
9/29/2008,272,9,2,53.59,0.98712446,SP,TEMPERED / HUMID,0,0,0
9/30/2008,272,9,3,28.96,0.98791436,SP,TEMPERED / HUMID,0,0,0
10/07/2008,272,10,3,10.63,0.88805268,SP,TEMPERED / HUMID,1,0,0
10/08/2008,272,10,4,33.65,0.97741456,SP,TEMPERED / HUMID,0,0,0
10/09/2008,272,10,5,166.31,0.88779989,SP,TEMPERED / HUMID,1,0,0
10/10/2008,272,10,6,64.7,0.98748068,SP,TEMPERED / HUMID,0,0,0
10/11/2008,272,10,7,9.97,0.98696088,SP,TEMPERED / HUMID,0,0,0
10/12/2008,272,10,1,77.95,0.78755613,SP,TEMPERED / HUMID,1,0,0
10/13/2008,272,10,2,37.06,0.91122504,SP,TEMPERED / HUMID,1,0,0
10/14/2008,272,10,3,37.17,0.88700565,SP,TEMPERED / HUMID,1,0,0
10/15/2008,272,10,4,354.77,0.88742002,SP,TEMPERED / HUMID,1,0,0
10/16/2008,272,10,5,55.18,1.14751722,SP,TEMPERED / HUMID,0,0,0
10/17/2008,272,10,6,66.75,1.14696629,SP,TEMPERED / HUMID,0,0,0
10/18/2008,272,10,7,60.84,0.94707429,SP,TEMPERED / HUMID,1,0,0
10/19/2008,272,10,1,42.07,0.88756834,SP,TEMPERED / HUMID,1,0,0
10/20/2008,272,10,2,58.41,0.88734806,SP,TEMPERED / HUMID,1,0,0
10/21/2008,272,10,3,43.13,0.88754927,SP,TEMPERED / HUMID,1,0,0
10/22/2008,272,10,4,271.2,0.74775074,SP,TEMPERED / HUMID,1,0,0
10/23/2008,272,10,5,30.99,0.88673766,SP,TEMPERED / HUMID,1,0,0
10/24/2008,272,10,6,22.23,1.08726946,SP,TEMPERED / HUMID,0,0,0
10/25/2008,272,10,7,46.77,1.08744922,SP,TEMPERED / HUMID,0,0,0
10/26/2008,272,10,1,35.41,0.88647275,SP,TEMPERED / HUMID,1,0,0
10/27/2008,272,10,2,37.84,0.88742072,SP,TEMPERED / HUMID,1,0,0
10/28/2008,272,10,3,26.93,0.88785741,SP,TEMPERED / HUMID,1,0,0
10/29/2008,272,10,4,255.52,0.86775986,SP,TEMPERED / HUMID,1,0,0
10/30/2008,272,10,5,37.67,1.28696576,SP,TEMPERED / HUMID,0,0,0
10/31/2008,272,10,6,24.87,1.28669079,SP,TEMPERED / HUMID,0,0,0
11/07/2008,272,11,6,14.46,1.11618257,SP,TEMPERED / HUMID,1,0,0
11/08/2008,272,11,7,38.83,0.97707958,SP,TEMPERED / HUMID,0,0,0
11/09/2008,272,11,1,36.35,1.18762036,SP,TEMPERED / HUMID,0,0,0
11/10/2008,272,11,2,60.89,0.98702578,SP,TEMPERED / HUMID,0,0,0
11/11/2008,272,11,3,40.06,0.94508238,SP,TEMPERED / HUMID,1,0,0
11/12/2008,272,11,4,17.68,0.7861991,SP,TEMPERED / HUMID,1,0,0
11/13/2008,272,11,5,61,0.88786885,SP,TEMPERED / HUMID,1,0,0
11/14/2008,272,11,6,80.26,0.88761525,SP,TEMPERED / HUMID,1,0,0
11/15/2008,272,11,7,65.51,1.06731797,SP,TEMPERED / HUMID,1,0,0
11/16/2008,272,11,1,72.94,0.98779819,SP,TEMPERED / HUMID,1,0,0
11/17/2008,272,11,2,28.8,0.98680556,SP,TEMPERED / HUMID,1,0,0
11/18/2008,272,11,3,35.21,0.98636751,SP,TEMPERED / HUMID,1,0,0
11/19/2008,272,11,4,615.22,0.58777348,SP,TEMPERED / HUMID,1,0,0
11/20/2008,272,11,5,31.4,0.98757962,SP,TEMPERED / HUMID,1,0,0
11/21/2008,272,11,6,29.78,1.08730692,SP,TEMPERED / HUMID,0,0,0
11/22/2008,272,11,7,19.05,1.08713911,SP,TEMPERED / HUMID,0,0,0
11/23/2008,272,11,1,29.13,1.08753862,SP,TEMPERED / HUMID,0,0,0
11/24/2008,272,11,2,11.33,1.08649603,SP,TEMPERED / HUMID,0,0,0
11/25/2008,272,11,3,7.74,1.0878553,SP,TEMPERED / HUMID,0,0,0
11/26/2008,272,11,4,276.79,0.8676614,SP,TEMPERED / HUMID,1,0,0
11/27/2008,272,11,5,14.57,1.08647907,SP,TEMPERED / HUMID,0,0,0
11/28/2008,272,11,6,20.67,1.08659894,SP,TEMPERED / HUMID,0,0,0
11/29/2008,272,11,7,40.01,0.94751312,SP,TEMPERED / HUMID,0,0,0
11/30/2008,272,11,1,35.75,0.94741259,SP,TEMPERED / HUMID,0,0,0
12/07/2008,272,12,1,23.12,0.98745675,SP,TEMPERED / HUMID,1,0,0
12/08/2008,272,12,2,40,1.18775,SP,TEMPERED / HUMID,0,0,0
12/09/2008,272,12,3,45.17,1.18751384,SP,TEMPERED / HUMID,0,0,0
12/10/2008,272,12,4,64.37,0.9874165,SP,TEMPERED / HUMID,0,0,0
12/11/2008,272,12,5,215.23,0.86735121,SP,TEMPERED / HUMID,1,0,0
12/12/2008,272,12,6,10.7,0.94859813,SP,TEMPERED / HUMID,0,0,0
12/13/2008,272,12,7,27.76,0.97658501,SP,TEMPERED / HUMID,0,0,0
12/14/2008,272,12,1,27.91,0.97742745,SP,TEMPERED / HUMID,0,0,0
12/15/2008,272,12,2,16.54,0.97762999,SP,TEMPERED / HUMID,0,0,0
12/16/2008,272,12,3,13.61,1.17707568,SP,TEMPERED / HUMID,0,0,0
12/17/2008,272,12,4,80.49,0.86768543,SP,TEMPERED / HUMID,1,0,0
12/18/2008,272,12,5,35.35,1.16746818,SP,TEMPERED / HUMID,0,0,0
12/19/2008,272,12,6,19.29,1.16692587,SP,TEMPERED / HUMID,0,0,0
12/20/2008,272,12,7,12.68,1.16719243,SP,TEMPERED / HUMID,0,0,0
12/21/2008,272,12,1,19.79,1.1677615,SP,TEMPERED / HUMID,0,0,0
12/22/2008,272,12,2,26.76,1.16704036,SP,TEMPERED / HUMID,0,0,0
12/23/2008,272,12,3,42.73,1.16709572,SP,TEMPERED / HUMID,0,0,0
12/24/2008,272,12,4,53.74,1.28656494,SP,TEMPERED / HUMID,0,0,0
12/26/2008,272,12,6,26.35,1.28728653,SP,TEMPERED / HUMID,0,0,0
12/27/2008,272,12,7,9.48,1.28691983,SP,TEMPERED / HUMID,0,0,0
12/28/2008,272,12,1,24.4,1.28770492,SP,TEMPERED / HUMID,0,0,0
12/29/2008,272,12,2,31.32,1.28703704,SP,TEMPERED / HUMID,0,0,0
12/30/2008,272,12,3,47.88,0.88680033,SP,TEMPERED / HUMID,1,0,0
12/31/2008,272,12,4,81.73,0.88682246,SP,TEMPERED / HUMID,1,0,0
1/02/2009,272,1,6,27.03,1.28671846,SP,TEMPERED / HUMID,0,0,0
1/04/2009,272,1,1,49.88,1.36728148,SP,TEMPERED / HUMID,0,0,0
1/06/2009,272,1,3,24.09,1.67704442,SP,TEMPERED / HUMID,0,0,0
1/07/2009,272,1,4,225.03,0.47789184,SP,TEMPERED / HUMID,1,0,0
1/08/2009,272,1,5,11.48,0.97735192,SP,TEMPERED / HUMID,0,0,0
1/13/2009,272,1,3,64.3,0.88724728,SP,TEMPERED / HUMID,1,0,0
1/14/2009,272,1,4,212.94,0.88729219,SP,TEMPERED / HUMID,1,0,0
1/15/2009,272,1,5,46.07,0.8864771,SP,TEMPERED / HUMID,1,0,0
1/16/2009,272,1,6,59.81,0.68734325,SP,TEMPERED / HUMID,1,0,0
1/17/2009,272,1,7,114.19,0.68745074,SP,TEMPERED / HUMID,1,0,0
1/18/2009,272,1,1,26.79,0.92459873,SP,TEMPERED / HUMID,0,0,0
1/19/2009,272,1,2,26.01,0.98654364,SP,TEMPERED / HUMID,0,0,0
1/20/2009,272,1,3,45.36,0.7872575,SP,TEMPERED / HUMID,1,0,0
1/21/2009,272,1,4,150.39,0.74765609,SP,TEMPERED / HUMID,1,0,0
1/22/2009,272,1,5,73.98,0.78805082,SP,TEMPERED / HUMID,1,0,0
1/23/2009,272,1,6,45.29,0.78759108,SP,TEMPERED / HUMID,1,0,0
1/24/2009,272,1,7,31.57,0.78587266,SP,TEMPERED / HUMID,1,0,0
1/25/2009,272,1,1,51.67,0.78711051,SP,TEMPERED / HUMID,1,0,0
1/26/2009,272,1,2,9.81,1.27624873,SP,TEMPERED / HUMID,0,0,1
1/27/2009,272,1,3,20.08,0.88645418,SP,TEMPERED / HUMID,1,0,1
1/28/2009,272,1,4,186.77,0.747604,SP,TEMPERED / HUMID,1,0,1
1/29/2009,272,1,5,27.27,0.88668867,SP,TEMPERED / HUMID,1,0,1
1/30/2009,272,1,6,22.14,1.28771454,SP,TEMPERED / HUMID,0,0,1
1/31/2009,272,1,7,31.75,1.28692913,SP,TEMPERED / HUMID,0,0,1
2/01/2009,272,2,1,7.81,1.28681178,SP,TEMPERED / HUMID,0,0,1
2/02/2009,272,2,2,37.95,1.28801054,SP,TEMPERED / HUMID,0,0,1
2/04/2009,272,2,4,12.76,1.78761755,SP,TEMPERED / HUMID,0,0,1
2/05/2009,272,2,5,57.91,1.36694871,SP,TEMPERED / HUMID,0,0,1
2/06/2009,272,2,6,10.93,1.59377859,SP,TEMPERED / HUMID,0,0,1
2/07/2009,272,2,7,6.07,0.76112026,SP,TEMPERED / HUMID,0,0,1
2/08/2009,272,2,1,3.68,0.97826087,SP,TEMPERED / HUMID,0,0,1
2/13/2009,272,2,6,51.43,1.27727008,SP,TEMPERED / HUMID,0,0,1
2/14/2009,272,2,7,45,1.28777778,SP,TEMPERED / HUMID,0,0,1
2/15/2009,272,2,1,30.72,1.28678385,SP,TEMPERED / HUMID,0,0,1
2/16/2009,272,2,2,32.72,1.28667482,SP,TEMPERED / HUMID,0,0,1
2/17/2009,272,2,3,22.57,1.28666371,SP,TEMPERED / HUMID,0,0,1
2/18/2009,272,2,4,47.57,1.28652512,SP,TEMPERED / HUMID,0,0,1
2/19/2009,272,2,5,22.06,1.2869447,SP,TEMPERED / HUMID,0,0,1
2/20/2009,272,2,6,24.08,1.2877907,SP,TEMPERED / HUMID,0,0,1
2/21/2009,272,2,7,17.72,1.28724605,SP,TEMPERED / HUMID,0,0,1
2/22/2009,272,2,1,22.64,1.28710247,SP,TEMPERED / HUMID,0,0,1
2/23/2009,272,2,2,36.32,1.28634361,SP,TEMPERED / HUMID,0,0,1
2/24/2009,272,2,3,23.26,1.28718831,SP,TEMPERED / HUMID,0,0,1
2/25/2009,272,2,4,194.19,0.84746897,SP,TEMPERED / HUMID,1,0,1
2/26/2009,272,2,5,48.74,0.84694296,SP,TEMPERED / HUMID,0,0,1
2/27/2009,272,2,6,49.49,1.2877349,SP,TEMPERED / HUMID,0,0,1
2/28/2009,272,2,7,38.26,1.37140617,SP,TEMPERED / HUMID,0,0,1
3/01/2009,272,3,1,105.24,0.68776131,SP,TEMPERED / HUMID,1,0,1
3/02/2009,272,3,2,28.73,0.98642534,SP,TEMPERED / HUMID,1,0,1
3/04/2009,272,3,4,27.62,1.28747285,SP,TEMPERED / HUMID,1,0,1
3/05/2009,272,3,5,13.93,1.36683417,SP,TEMPERED / HUMID,0,0,1
3/06/2009,272,3,6,63.4,0.93722397,SP,TEMPERED / HUMID,1,0,1
3/07/2009,272,3,7,2.16,0.97685185,SP,TEMPERED / HUMID,1,0,1
3/08/2009,272,3,1,26.45,0.97693762,SP,TEMPERED / HUMID,0,0,1
4/01/2009,272,4,4,57.91,0.68658263,SP,TEMPERED / HUMID,1,0,1
4/02/2009,272,4,5,144.17,0.98765346,SP,TEMPERED / HUMID,1,0,1
4/04/2009,272,4,7,45.85,1.287241,SP,TEMPERED / HUMID,1,0,1
4/05/2009,272,4,1,17.25,1.36753623,SP,TEMPERED / HUMID,0,0,1
4/06/2009,272,4,2,7.03,1.67852063,SP,TEMPERED / HUMID,0,0,1
4/07/2009,272,4,3,9.41,0.97555792,SP,TEMPERED / HUMID,1,0,1
4/08/2009,272,4,4,52.13,0.38787646,SP,TEMPERED / HUMID,1,0,1
4/13/2009,272,4,2,9.32,1.36695279,SP,TEMPERED / HUMID,0,0,1
4/14/2009,272,4,3,20.49,1.36749634,SP,TEMPERED / HUMID,0,0,1
4/15/2009,272,4,4,65.8,0.97720365,SP,TEMPERED / HUMID,1,0,1
4/16/2009,272,4,5,17.71,1.36758893,SP,TEMPERED / HUMID,0,0,1
4/17/2009,272,4,6,4.56,1.36622807,SP,TEMPERED / HUMID,0,0,1
4/18/2009,272,4,7,18.81,1.36735779,SP,TEMPERED / HUMID,0,0,1
4/19/2009,272,4,1,13.95,1.36774194,SP,TEMPERED / HUMID,0,0,1
4/20/2009,272,4,2,15.46,1.36739974,SP,TEMPERED / HUMID,0,0,1
4/21/2009,272,4,3,15.31,1.36773351,SP,TEMPERED / HUMID,0,0,1
4/22/2009,272,4,4,16.95,0.93628319,SP,TEMPERED / HUMID,1,0,1
4/23/2009,272,4,5,50.14,0.96709214,SP,TEMPERED / HUMID,1,0,1
4/24/2009,272,4,6,32.58,1.28637201,SP,TEMPERED / HUMID,1,0,1
4/25/2009,272,4,7,148.82,0.68781078,SP,TEMPERED / HUMID,1,0,1
4/26/2009,272,4,1,63,0.68761905,SP,TEMPERED / HUMID,1,0,1
4/27/2009,272,4,2,14.83,1.36682401,SP,TEMPERED / HUMID,0,0,1
4/28/2009,272,4,3,26.79,1.36692796,SP,TEMPERED / HUMID,1,0,1
4/29/2009,272,4,4,122.8,0.9473127,SP,TEMPERED / HUMID,1,0,1
4/30/2009,272,4,5,49.3,0.9474645,SP,TEMPERED / HUMID,1,0,1
5/01/2009,272,5,6,60.87,0.68736652,SP,TEMPERED / HUMID,1,0,1
5/02/2009,272,5,7,37.2,0.98655914,SP,TEMPERED / HUMID,1,0,1
5/04/2009,272,5,2,54.32,1.28773932,SP,TEMPERED / HUMID,1,0,1
5/05/2009,272,5,3,25.14,1.09665871,SP,TEMPERED / HUMID,1,0,1
5/06/2009,272,5,4,12.55,0.98486056,SP,TEMPERED / HUMID,1,0,1
5/07/2009,272,5,5,17.85,1.47619048,SP,TEMPERED / HUMID,0,0,1
5/08/2009,272,5,6,230.84,0.47829666,SP,TEMPERED / HUMID,1,0,1
5/13/2009,272,5,4,83.79,0.8870987,SP,TEMPERED / HUMID,1,0,1
5/14/2009,272,5,5,7.64,1.17670157,SP,TEMPERED / HUMID,0,0,1
5/15/2009,272,5,6,23.55,1.17579618,SP,TEMPERED / HUMID,0,0,1
5/16/2009,272,5,7,44.71,0.78729591,SP,TEMPERED / HUMID,0,0,1
5/17/2009,272,5,1,56.46,0.7879915,SP,TEMPERED / HUMID,0,0,1
5/18/2009,272,5,2,19.44,0.78755144,SP,TEMPERED / HUMID,0,0,1
5/19/2009,272,5,3,18.14,1.18743109,SP,TEMPERED / HUMID,0,0,1
5/20/2009,272,5,4,168.57,0.77819304,SP,TEMPERED / HUMID,1,0,1
5/21/2009,272,5,5,20.83,1.18722996,SP,TEMPERED / HUMID,0,0,1
5/22/2009,272,5,6,10.2,1.17647059,SP,TEMPERED / HUMID,0,0,1
5/23/2009,272,5,7,18.63,1.17820719,SP,TEMPERED / HUMID,0,0,1
5/24/2009,272,5,1,19.31,1.17607457,SP,TEMPERED / HUMID,0,0,1
5/25/2009,272,5,2,8.58,1.17715618,SP,TEMPERED / HUMID,0,0,1
5/26/2009,272,5,3,28.47,0.9490692,SP,TEMPERED / HUMID,1,0,1
5/27/2009,272,5,4,89.34,0.93743004,SP,TEMPERED / HUMID,1,0,1
5/28/2009,272,5,5,13.93,1.68772434,SP,TEMPERED / HUMID,0,0,1
5/29/2009,272,5,6,28.04,0.84664765,SP,TEMPERED / HUMID,1,0,1
5/30/2009,272,5,7,59.78,0.84810974,SP,TEMPERED / HUMID,1,0,1
5/31/2009,272,5,1,53.16,0.84819413,SP,TEMPERED / HUMID,1,0,1
6/01/2009,272,6,2,43.55,0.78760046,SP,TEMPERED / HUMID,1,0,1
6/02/2009,272,6,3,25.1,1.26613546,SP,TEMPERED / HUMID,0,0,1
6/04/2009,272,6,5,15.65,1.28753994,SP,TEMPERED / HUMID,0,0,1
6/05/2009,272,6,6,94.16,0.88763806,SP,TEMPERED / HUMID,1,0,1
6/06/2009,272,6,7,14.76,0.98712737,SP,TEMPERED / HUMID,1,0,1
6/07/2009,272,6,1,10.23,1.47702835,SP,TEMPERED / HUMID,0,0,1
6/13/2009,272,6,7,12.58,1.43481717,SP,TEMPERED / HUMID,0,0,1
6/14/2009,272,6,1,13.28,1.43900602,SP,TEMPERED / HUMID,0,0,1
6/15/2009,272,6,2,7.02,0.87749288,SP,TEMPERED / HUMID,0,0,1
6/16/2009,272,6,3,8.17,1.22766218,SP,TEMPERED / HUMID,1,0,1
6/17/2009,272,6,4,33.53,0.88637041,SP,TEMPERED / HUMID,1,0,1
6/18/2009,272,6,5,13.68,1.67690058,SP,TEMPERED / HUMID,0,0,1
6/19/2009,272,6,6,2.46,1.28861789,SP,TEMPERED / HUMID,0,0,1
6/20/2009,272,6,7,5.48,1.28832117,SP,TEMPERED / HUMID,0,0,1
6/21/2009,272,6,1,14.1,1.28794326,SP,TEMPERED / HUMID,0,0,1
6/22/2009,272,6,2,3.92,1.28571429,SP,TEMPERED / HUMID,0,0,1
6/23/2009,272,6,3,3.39,1.28908555,SP,TEMPERED / HUMID,0,0,1
6/24/2009,272,6,4,75.79,0.93811849,SP,TEMPERED / HUMID,1,0,1
6/25/2009,272,6,5,14.95,1.28628763,SP,TEMPERED / HUMID,0,0,1
6/27/2009,272,6,7,14.63,0.98632946,SP,TEMPERED / HUMID,1,0,1
6/28/2009,272,6,1,9.8,0.9877551,SP,TEMPERED / HUMID,1,0,1
6/29/2009,272,6,2,13.21,1.34822104,SP,TEMPERED / HUMID,0,0,1
6/30/2009,272,6,3,4.6,0.60869565,SP,TEMPERED / HUMID,1,1,1
7/01/2009,272,7,4,92.99,0.78728896,SP,TEMPERED / HUMID,1,1,1
7/02/2009,272,7,5,40.84,0.97747307,SP,TEMPERED / HUMID,0,1,1
7/04/2009,272,7,7,18.94,0.96726505,SP,TEMPERED / HUMID,0,1,1
7/05/2009,272,7,1,25.09,0.88720606,SP,TEMPERED / HUMID,1,1,1
7/06/2009,272,7,2,23.67,0.98817068,SP,TEMPERED / HUMID,1,1,1
7/07/2009,272,7,3,13.63,0.37784299,SP,TEMPERED / HUMID,1,1,1
7/08/2009,272,7,4,34.31,0.97814048,SP,TEMPERED / HUMID,0,1,1
7/13/2009,272,7,2,14,1.47571429,SP,TEMPERED / HUMID,0,1,1
7/14/2009,272,7,3,22.58,1.47874225,SP,TEMPERED / HUMID,1,1,1
7/15/2009,272,7,4,260.39,0.73766274,SP,TEMPERED / HUMID,1,1,1
7/16/2009,272,7,5,36.45,1.19890261,SP,TEMPERED / HUMID,0,1,1
7/17/2009,272,7,6,6.35,0.97795276,SP,TEMPERED / HUMID,0,1,1
7/18/2009,272,7,7,12.36,0.97815534,SP,TEMPERED / HUMID,0,1,1
7/19/2009,272,7,1,12.45,0.97751004,SP,TEMPERED / HUMID,0,1,1
7/20/2009,272,7,2,7.31,0.97400821,SP,TEMPERED / HUMID,0,1,1
7/21/2009,272,7,3,59.29,0.87265981,SP,TEMPERED / HUMID,1,1,1
7/22/2009,272,7,4,211.72,0.76738145,SP,TEMPERED / HUMID,1,1,1
7/23/2009,272,7,5,78.63,0.88795625,SP,TEMPERED / HUMID,0,1,1
7/24/2009,272,7,6,57.32,0.9666783,SP,TEMPERED / HUMID,1,1,1
7/25/2009,272,7,7,34.2,0.86754386,SP,TEMPERED / HUMID,1,1,1
7/26/2009,272,7,1,14.25,0.86736842,SP,TEMPERED / HUMID,1,1,1
7/27/2009,272,7,2,19.17,1.38758477,SP,TEMPERED / HUMID,0,1,1
7/28/2009,272,7,3,153.31,0.39456004,SP,TEMPERED / HUMID,1,1,1
7/29/2009,272,7,4,203.44,0.73741644,SP,TEMPERED / HUMID,1,1,1
7/30/2009,272,7,5,13.72,1.38848397,SP,TEMPERED / HUMID,0,1,1
7/31/2009,272,7,6,8.39,1.28605483,SP,TEMPERED / HUMID,0,1,1
8/01/2009,272,8,7,64.89,0.78825705,SP,TEMPERED / HUMID,1,1,1
8/02/2009,272,8,1,11.01,0.9763851,SP,TEMPERED / HUMID,0,1,1
8/04/2009,272,8,3,99.61,0.94749523,SP,TEMPERED / HUMID,1,1,1
8/05/2009,272,8,4,55.56,0.887509,SP,TEMPERED / HUMID,1,1,1
8/06/2009,272,8,5,5.85,1.43418803,SP,TEMPERED / HUMID,0,1,1
8/07/2009,272,8,6,142.81,0.47783769,SP,TEMPERED / HUMID,1,1,1
8/08/2009,272,8,7,20.86,0.97698945,SP,TEMPERED / HUMID,0,1,1
8/13/2009,272,8,5,35.03,0.97773337,SP,TEMPERED / HUMID,0,1,1
8/14/2009,272,8,6,33.1,0.97643505,SP,TEMPERED / HUMID,0,1,1
8/15/2009,272,8,7,65.73,0.97748365,SP,TEMPERED / HUMID,0,1,1
8/16/2009,272,8,1,40.07,0.97753931,SP,TEMPERED / HUMID,0,1,1
8/17/2009,272,8,2,26.31,0.97795515,SP,TEMPERED / HUMID,0,1,1
8/18/2009,272,8,3,50.8,0.85551181,SP,TEMPERED / HUMID,1,1,1
8/19/2009,272,8,4,90.81,0.77744742,SP,TEMPERED / HUMID,1,1,1
8/20/2009,272,8,5,16.28,0.97665848,SP,TEMPERED / HUMID,0,1,1
8/21/2009,272,8,6,24.52,0.74714519,SP,TEMPERED / HUMID,1,1,1
8/22/2009,272,8,7,41.46,0.74794983,SP,TEMPERED / HUMID,1,1,1
8/23/2009,272,8,1,38.17,0.74796961,SP,TEMPERED / HUMID,1,1,1
8/24/2009,272,8,2,24.28,0.97693575,SP,TEMPERED / HUMID,0,1,1
8/25/2009,272,8,3,68.32,0.64505269,SP,TEMPERED / HUMID,1,1,1
8/26/2009,272,8,4,297.56,0.70318591,SP,TEMPERED / HUMID,1,1,1
8/27/2009,272,8,5,54.4,0.97702206,SP,TEMPERED / HUMID,0,1,1
8/31/2009,272,8,2,28.68,0.7862622,SP,TEMPERED / HUMID,0,1,1
9/01/2009,272,9,3,26.08,0.98696319,SP,TEMPERED / HUMID,0,1,1
9/02/2009,272,9,4,7.43,0.9730821,SP,TEMPERED / HUMID,0,1,1
9/04/2009,272,9,6,69.03,0.91844126,SP,TEMPERED / HUMID,1,1,1
9/05/2009,272,9,7,53.28,0.8887012,SP,TEMPERED / HUMID,1,1,1
9/06/2009,272,9,1,9.53,1.43651626,SP,TEMPERED / HUMID,0,1,1
9/07/2009,272,9,2,5.75,1.47652174,SP,TEMPERED / HUMID,0,1,1
9/08/2009,272,9,3,52.89,0.9773114,SP,TEMPERED / HUMID,0,1,1
10/01/2009,272,10,5,63,0.98777778,SP,TEMPERED / HUMID,0,1,1
10/02/2009,272,10,6,28.92,0.97683264,SP,TEMPERED / HUMID,0,1,1
10/04/2009,272,10,1,76.78,0.88838239,SP,TEMPERED / HUMID,1,1,1
10/05/2009,272,10,2,22.26,0.88814016,SP,TEMPERED / HUMID,1,1,1
10/06/2009,272,10,3,249.51,0.66770871,SP,TEMPERED / HUMID,1,1,1
10/07/2009,272,10,4,15.9,1.47798742,SP,TEMPERED / HUMID,1,1,1
10/08/2009,272,10,5,38.83,0.97810971,SP,TEMPERED / HUMID,0,1,1
11/01/2009,272,11,1,47.15,0.98621421,SP,TEMPERED / HUMID,0,1,1
11/02/2009,272,11,2,25.85,1.27736944,SP,TEMPERED / HUMID,0,1,1
11/04/2009,272,11,4,20.3,0.88571429,SP,TEMPERED / HUMID,1,1,1
11/05/2009,272,11,5,20.8,0.88798077,SP,TEMPERED / HUMID,1,1,1
11/06/2009,272,11,6,33.76,1.43720379,SP,TEMPERED / HUMID,0,1,1
11/07/2009,272,11,7,24.58,0.96786005,SP,TEMPERED / HUMID,1,1,1
11/08/2009,272,11,1,19.77,0.97723824,SP,TEMPERED / HUMID,0,1,1
12/01/2009,272,12,3,40.66,0.9877029,SP,TEMPERED / HUMID,0,1,1
12/02/2009,272,12,4,16.22,1.27681874,SP,TEMPERED / HUMID,0,1,1
12/04/2009,272,12,6,12.9,1.36666667,SP,TEMPERED / HUMID,0,1,1
12/05/2009,272,12,7,11.02,1.176951,SP,TEMPERED / HUMID,0,1,1
12/06/2009,272,12,1,27.15,1.43720074,SP,TEMPERED / HUMID,0,1,1
12/07/2009,272,12,2,28.25,1.05946903,SP,TEMPERED / HUMID,1,1,1
1/07/2008,280,1,2,523.39,0.88670017,ES,TROPICAL / HUMID,1,0,0
1/08/2008,280,1,3,174.26,1.14271778,ES,TROPICAL / HUMID,1,0,0
1/09/2008,280,1,4,234.88,0.83480926,ES,TROPICAL / HUMID,1,0,0
1/10/2008,280,1,5,269.47,0.87738895,ES,TROPICAL / HUMID,0,0,0
1/11/2008,280,1,6,366.78,1.27708708,ES,TROPICAL / HUMID,0,0,0
1/12/2008,280,1,7,169.88,0.9775724,ES,TROPICAL / HUMID,0,0,0
2/07/2008,280,2,5,171.04,1.09512395,ES,TROPICAL / HUMID,1,0,0
2/08/2008,280,2,6,337.63,0.9876492,ES,TROPICAL / HUMID,1,0,0
2/09/2008,280,2,7,348.23,0.97470063,ES,TROPICAL / HUMID,1,0,0
2/10/2008,280,2,1,278.55,0.87786753,ES,TROPICAL / HUMID,0,0,0
2/11/2008,280,2,2,98.3,1.2775178,ES,TROPICAL / HUMID,0,0,0
2/12/2008,280,2,3,375.74,0.88723585,ES,TROPICAL / HUMID,1,0,0
3/07/2008,280,3,6,117.12,1.28722678,ES,TROPICAL / HUMID,0,0,0
3/08/2008,280,3,7,156.54,1.38744091,ES,TROPICAL / HUMID,0,0,0
3/09/2008,280,3,1,185,0.97762162,ES,TROPICAL / HUMID,1,0,0
3/10/2008,280,3,2,293.94,0.87786623,ES,TROPICAL / HUMID,0,0,0
3/11/2008,280,3,3,126.5,1.2772332,ES,TROPICAL / HUMID,0,0,0
3/12/2008,280,3,4,135.93,1.14742882,ES,TROPICAL / HUMID,0,0,0
4/07/2008,280,4,2,120.12,1.28712954,ES,TROPICAL / HUMID,1,0,0
4/08/2008,280,4,3,52.85,1.3782403,ES,TROPICAL / HUMID,0,0,0
4/09/2008,280,4,4,212.33,0.88748646,ES,TROPICAL / HUMID,1,0,0
4/10/2008,280,4,5,304.97,0.86824934,ES,TROPICAL / HUMID,0,0,0
4/11/2008,280,4,6,354.53,1.18737483,ES,TROPICAL / HUMID,1,0,0
5/07/2008,280,5,4,234.84,1.17718447,ES,TROPICAL / HUMID,0,0,0
5/08/2008,280,5,5,592.3,0.787844,ES,TROPICAL / HUMID,1,0,0
5/09/2008,280,5,6,234.37,0.98728506,ES,TROPICAL / HUMID,0,0,0
5/11/2008,280,5,1,163.65,1.2477238,ES,TROPICAL / HUMID,1,0,0
5/12/2008,280,5,2,165.78,1.14748462,ES,TROPICAL / HUMID,0,0,0
6/07/2008,280,6,7,214.8,1.17723464,ES,TROPICAL / HUMID,0,0,0
6/08/2008,280,6,1,174.1,1.08024124,ES,TROPICAL / HUMID,1,0,0
6/09/2008,280,6,2,281.85,0.98729821,ES,TROPICAL / HUMID,0,0,0
6/10/2008,280,6,3,146.34,1.38718054,ES,TROPICAL / HUMID,0,0,0
6/11/2008,280,6,4,185.86,1.24798235,ES,TROPICAL / HUMID,0,0,0
6/12/2008,280,6,5,232.38,1.1477752,ES,TROPICAL / HUMID,0,0,0
7/07/2008,280,7,2,96.99,1.17754408,ES,TROPICAL / HUMID,1,0,0
7/08/2008,280,7,3,142.88,0.8868981,ES,TROPICAL / HUMID,1,0,0
7/10/2008,280,7,5,470.25,0.98485912,ES,TROPICAL / HUMID,0,0,0
7/11/2008,280,7,6,125.67,1.24755312,ES,TROPICAL / HUMID,0,0,0
7/12/2008,280,7,7,127.52,1.14750627,ES,TROPICAL / HUMID,0,0,0
7/13/2008,280,7,1,163.4,1.27772338,ES,TROPICAL / HUMID,0,0,0
7/14/2008,280,7,2,120.69,1.27715635,ES,TROPICAL / HUMID,1,0,0
7/15/2008,280,7,3,368.36,0.88747421,ES,TROPICAL / HUMID,1,0,0
7/16/2008,280,7,4,117.03,1.47688627,ES,TROPICAL / HUMID,1,0,0
7/17/2008,280,7,5,199.88,0.98879328,ES,TROPICAL / HUMID,1,0,0
7/18/2008,280,7,6,145.1,0.98718125,ES,TROPICAL / HUMID,1,0,0
7/19/2008,280,7,7,217.81,1.28777375,ES,TROPICAL / HUMID,0,0,0
7/20/2008,280,7,1,158.97,1.28728691,ES,TROPICAL / HUMID,0,0,0
7/21/2008,280,7,2,72.09,1.28686364,ES,TROPICAL / HUMID,0,0,0
7/22/2008,280,7,3,560.36,0.68764723,ES,TROPICAL / HUMID,1,0,0
7/23/2008,280,7,4,136.47,1.18128526,ES,TROPICAL / HUMID,1,0,0
7/24/2008,280,7,5,98.86,1.27736193,ES,TROPICAL / HUMID,1,0,0
7/25/2008,280,7,6,141.73,1.2777817,ES,TROPICAL / HUMID,0,0,0
7/26/2008,280,7,7,291.6,0.98741427,ES,TROPICAL / HUMID,0,0,0
7/27/2008,280,7,1,151.33,0.97819335,ES,TROPICAL / HUMID,0,0,0
7/28/2008,280,7,2,171.99,0.98738299,ES,TROPICAL / HUMID,1,0,0
7/29/2008,280,7,3,476.21,0.78767771,ES,TROPICAL / HUMID,1,0,0
7/30/2008,280,7,4,143.73,1.28748348,ES,TROPICAL / HUMID,1,0,0
7/31/2008,280,7,5,102.15,1.38727362,ES,TROPICAL / HUMID,1,0,0
8/07/2008,280,8,5,490.41,0.78778981,ES,TROPICAL / HUMID,1,0,0
8/08/2008,280,8,6,149.36,0.98754687,ES,TROPICAL / HUMID,0,0,0
8/09/2008,280,8,7,67.81,0.9873175,ES,TROPICAL / HUMID,0,0,0
8/10/2008,280,8,1,192.29,1.11503458,ES,TROPICAL / HUMID,0,0,0
8/11/2008,280,8,2,206.16,1.24733217,ES,TROPICAL / HUMID,0,0,0
8/12/2008,280,8,3,138.95,1.14767902,ES,TROPICAL / HUMID,0,0,0
8/13/2008,280,8,4,124.28,1.37721275,ES,TROPICAL / HUMID,1,0,0
8/14/2008,280,8,5,151.34,1.1874587,ES,TROPICAL / HUMID,1,0,0
8/15/2008,280,8,6,178.71,0.98752168,ES,TROPICAL / HUMID,1,0,0
8/16/2008,280,8,7,226.51,0.98777096,ES,TROPICAL / HUMID,1,0,0
8/17/2008,280,8,1,165.63,0.98744189,ES,TROPICAL / HUMID,1,0,0
8/18/2008,280,8,2,93.43,1.187306,ES,TROPICAL / HUMID,0,0,0
8/19/2008,280,8,3,400.13,0.78756904,ES,TROPICAL / HUMID,1,0,0
8/20/2008,280,8,4,105.04,1.28731912,ES,TROPICAL / HUMID,1,0,0
8/21/2008,280,8,5,111.71,1.24760541,ES,TROPICAL / HUMID,1,0,0
8/22/2008,280,8,6,106.58,1.18699568,ES,TROPICAL / HUMID,1,0,0
8/23/2008,280,8,7,156.46,1.18726831,ES,TROPICAL / HUMID,1,0,0
8/24/2008,280,8,1,157.29,1.18691589,ES,TROPICAL / HUMID,1,0,0
8/25/2008,280,8,2,128.6,1.1874028,ES,TROPICAL / HUMID,1,0,0
8/26/2008,280,8,3,402.76,0.88752607,ES,TROPICAL / HUMID,1,0,0
8/27/2008,280,8,4,132.01,0.98719794,ES,TROPICAL / HUMID,1,0,0
8/28/2008,280,8,5,145.84,0.98717773,ES,TROPICAL / HUMID,0,0,0
8/29/2008,280,8,6,179.57,0.98741438,ES,TROPICAL / HUMID,0,0,0
8/30/2008,280,8,7,118.25,0.97716702,ES,TROPICAL / HUMID,0,0,0
8/31/2008,280,8,1,152.47,0.9778317,ES,TROPICAL / HUMID,0,0,0
9/07/2008,280,9,1,160.5,1.16124611,ES,TROPICAL / HUMID,1,0,0
9/08/2008,280,9,2,272.54,0.87726572,ES,TROPICAL / HUMID,0,0,0
9/09/2008,280,9,3,523.06,0.88571101,ES,TROPICAL / HUMID,1,0,0
9/10/2008,280,9,4,154.53,1.34685822,ES,TROPICAL / HUMID,0,0,0
9/11/2008,280,9,5,141.89,1.24779759,ES,TROPICAL / HUMID,0,0,0
9/12/2008,280,9,6,164.02,1.14723814,ES,TROPICAL / HUMID,0,0,0
9/13/2008,280,9,7,328.93,0.88760527,ES,TROPICAL / HUMID,0,0,0
9/14/2008,280,9,1,207.65,0.88731038,ES,TROPICAL / HUMID,0,0,0
9/15/2008,280,9,2,100.24,0.88737031,ES,TROPICAL / HUMID,0,0,0
9/16/2008,280,9,3,531.64,0.87638251,ES,TROPICAL / HUMID,1,0,0
9/17/2008,280,9,4,254.65,0.87386609,ES,TROPICAL / HUMID,0,0,0
9/18/2008,280,9,5,200.97,0.87754391,ES,TROPICAL / HUMID,0,0,0
9/19/2008,280,9,6,238.1,0.87753045,ES,TROPICAL / HUMID,1,0,0
9/20/2008,280,9,7,275.92,1.14536822,ES,TROPICAL / HUMID,0,0,0
9/21/2008,280,9,1,169.06,1.14728499,ES,TROPICAL / HUMID,0,0,0
9/22/2008,280,9,2,50.28,1.14638027,ES,TROPICAL / HUMID,0,0,0
9/23/2008,280,9,3,422.41,0.88563244,ES,TROPICAL / HUMID,1,0,0
9/24/2008,280,9,4,171.94,0.98912411,ES,TROPICAL / HUMID,1,0,0
9/25/2008,280,9,5,123.76,0.88744344,ES,TROPICAL / HUMID,0,0,0
9/26/2008,280,9,6,171.35,1.28736504,ES,TROPICAL / HUMID,0,0,0
9/27/2008,280,9,7,265.13,1.28721759,ES,TROPICAL / HUMID,0,0,0
9/28/2008,280,9,1,116.47,1.28719842,ES,TROPICAL / HUMID,0,0,0
9/29/2008,280,9,2,92.9,1.06114101,ES,TROPICAL / HUMID,1,0,0
9/30/2008,280,9,3,519.72,0.88747787,ES,TROPICAL / HUMID,1,0,0
10/07/2008,280,10,3,97.55,1.18739108,ES,TROPICAL / HUMID,0,0,0
10/08/2008,280,10,4,133.22,0.87742081,ES,TROPICAL / HUMID,0,0,0
10/09/2008,280,10,5,207.71,0.98753069,ES,TROPICAL / HUMID,0,0,0
10/10/2008,280,10,6,212.08,0.97713127,ES,TROPICAL / HUMID,0,0,0
10/11/2008,280,10,7,118.34,1.24750718,ES,TROPICAL / HUMID,0,0,0
10/12/2008,280,10,1,115.46,1.14723714,ES,TROPICAL / HUMID,0,0,0
10/13/2008,280,10,2,177.75,1.04691983,ES,TROPICAL / HUMID,0,0,0
10/14/2008,280,10,3,303.09,1.04797255,ES,TROPICAL / HUMID,1,0,0
10/15/2008,280,10,4,194.62,1.12778748,ES,TROPICAL / HUMID,1,0,0
10/16/2008,280,10,5,132.54,1.5771088,ES,TROPICAL / HUMID,0,0,0
10/17/2008,280,10,6,126.36,1.50910098,ES,TROPICAL / HUMID,0,0,0
10/18/2008,280,10,7,159.58,1.2643815,ES,TROPICAL / HUMID,1,0,0
10/19/2008,280,10,1,136.46,1.57716547,ES,TROPICAL / HUMID,0,0,0
10/20/2008,280,10,2,112.3,1.06838825,ES,TROPICAL / HUMID,1,0,0
10/21/2008,280,10,3,223.06,1.09723841,ES,TROPICAL / HUMID,1,0,0
10/22/2008,280,10,4,195.45,1.01018163,ES,TROPICAL / HUMID,1,0,0
10/23/2008,280,10,5,102.59,1.09708549,ES,TROPICAL / HUMID,0,0,0
10/24/2008,280,10,6,116.85,1.07744972,ES,TROPICAL / HUMID,0,0,0
10/25/2008,280,10,7,154.45,1.07724183,ES,TROPICAL / HUMID,0,0,0
10/26/2008,280,10,1,53.68,1.0771237,ES,TROPICAL / HUMID,0,0,0
10/27/2008,280,10,2,127.44,1.07744821,ES,TROPICAL / HUMID,0,0,0
10/28/2008,280,10,3,285.63,1.06760494,ES,TROPICAL / HUMID,1,0,0
10/29/2008,280,10,4,160.09,1.06714973,ES,TROPICAL / HUMID,0,0,0
10/30/2008,280,10,5,70.97,1.48696632,ES,TROPICAL / HUMID,0,0,0
10/31/2008,280,10,6,110.36,1.09758971,ES,TROPICAL / HUMID,0,0,0
11/07/2008,280,11,6,101.07,1.27772831,ES,TROPICAL / HUMID,0,0,0
11/08/2008,280,11,7,94.83,0.87693768,ES,TROPICAL / HUMID,0,0,0
11/09/2008,280,11,1,232.72,0.9874957,ES,TROPICAL / HUMID,0,0,0
11/10/2008,280,11,2,359.25,1.04765484,ES,TROPICAL / HUMID,0,0,0
11/11/2008,280,11,3,415.43,1.08764413,ES,TROPICAL / HUMID,1,0,0
11/12/2008,280,11,4,123.7,1.14785772,ES,TROPICAL / HUMID,0,0,0
11/13/2008,280,11,5,149.24,1.24798982,ES,TROPICAL / HUMID,0,0,0
11/14/2008,280,11,6,101.55,1.24775972,ES,TROPICAL / HUMID,0,0,0
11/15/2008,280,11,7,179.56,1.07730007,ES,TROPICAL / HUMID,0,0,0
11/16/2008,280,11,1,237.33,1.07740277,ES,TROPICAL / HUMID,0,0,0
11/17/2008,280,11,2,123.87,1.07717769,ES,TROPICAL / HUMID,0,0,0
11/18/2008,280,11,3,217.37,1.07696554,ES,TROPICAL / HUMID,0,0,0
11/19/2008,280,11,4,152.86,1.07719482,ES,TROPICAL / HUMID,0,0,0
11/20/2008,280,11,5,196.59,0.98728318,ES,TROPICAL / HUMID,1,0,0
11/21/2008,280,11,6,258.04,0.98569989,ES,TROPICAL / HUMID,1,0,0
11/22/2008,280,11,7,280.31,0.98765652,ES,TROPICAL / HUMID,1,0,0
11/23/2008,280,11,1,144.2,0.98737864,ES,TROPICAL / HUMID,1,0,0
11/24/2008,280,11,2,86.55,1.03916811,ES,TROPICAL / HUMID,0,0,0
11/25/2008,280,11,3,244.82,0.97741198,ES,TROPICAL / HUMID,1,0,0
11/26/2008,280,11,4,105.25,0.97605701,ES,TROPICAL / HUMID,0,0,0
11/27/2008,280,11,5,113.58,0.97746082,ES,TROPICAL / HUMID,0,0,0
11/28/2008,280,11,6,150.28,0.97777482,ES,TROPICAL / HUMID,0,0,0
11/29/2008,280,11,7,216.29,0.97766887,ES,TROPICAL / HUMID,0,0,0
11/30/2008,280,11,1,144.24,0.9776761,ES,TROPICAL / HUMID,0,0,0
12/07/2008,280,12,1,203.31,1.277704,ES,TROPICAL / HUMID,0,0,0
12/08/2008,280,12,2,284,0.88732394,ES,TROPICAL / HUMID,1,0,0
12/09/2008,280,12,3,264.11,0.88731968,ES,TROPICAL / HUMID,0,0,0
12/10/2008,280,12,4,187.4,1.04759872,ES,TROPICAL / HUMID,0,0,0
12/11/2008,280,12,5,144.37,1.2454111,ES,TROPICAL / HUMID,0,0,0
12/12/2008,280,12,6,145.7,1.14756349,ES,TROPICAL / HUMID,0,0,0
12/13/2008,280,12,7,148.48,1.14749461,ES,TROPICAL / HUMID,0,0,0
12/14/2008,280,12,1,109.91,1.14757529,ES,TROPICAL / HUMID,0,0,0
12/15/2008,280,12,2,95.3,1.14742917,ES,TROPICAL / HUMID,0,0,0
12/16/2008,280,12,3,161.57,1.14730457,ES,TROPICAL / HUMID,0,0,0
12/17/2008,280,12,4,172.76,0.90964344,ES,TROPICAL / HUMID,1,0,0
12/18/2008,280,12,5,117.49,0.9874883,ES,TROPICAL / HUMID,0,0,0
12/19/2008,280,12,6,158.01,0.98746915,ES,TROPICAL / HUMID,0,0,0
12/20/2008,280,12,7,269.38,0.9876754,ES,TROPICAL / HUMID,0,0,0
12/21/2008,280,12,1,272.75,0.98757104,ES,TROPICAL / HUMID,0,0,0
12/22/2008,280,12,2,162.2,0.98729963,ES,TROPICAL / HUMID,0,0,0
12/23/2008,280,12,3,276.16,0.88742034,ES,TROPICAL / HUMID,1,0,0
12/24/2008,280,12,4,233.39,0.97759116,ES,TROPICAL / HUMID,0,0,0
12/26/2008,280,12,6,173.89,0.92524009,ES,TROPICAL / HUMID,1,0,0
12/27/2008,280,12,7,166.33,0.97745446,ES,TROPICAL / HUMID,0,0,0
12/28/2008,280,12,1,140.2,0.97582026,ES,TROPICAL / HUMID,0,0,0
12/29/2008,280,12,2,226.68,0.97264867,ES,TROPICAL / HUMID,0,0,0
12/30/2008,280,12,3,345.91,0.92593449,ES,TROPICAL / HUMID,1,0,0
12/31/2008,280,12,4,266.28,0.89984227,ES,TROPICAL / HUMID,1,0,0
1/04/2009,280,1,1,165.84,1.14719006,ES,TROPICAL / HUMID,0,0,0
1/06/2009,280,1,3,144.01,1.27727241,ES,TROPICAL / HUMID,0,0,0
1/07/2009,280,1,4,340.89,0.98785532,ES,TROPICAL / HUMID,1,0,0
1/08/2009,280,1,5,294.89,1.14758045,ES,TROPICAL / HUMID,0,0,0
1/13/2009,280,1,3,421.25,1.088,ES,TROPICAL / HUMID,1,0,0
1/14/2009,280,1,4,209.91,1.18717546,ES,TROPICAL / HUMID,0,0,0
1/15/2009,280,1,5,157.66,1.14683496,ES,TROPICAL / HUMID,0,0,0
1/16/2009,280,1,6,166.75,1.38710645,ES,TROPICAL / HUMID,0,0,0
1/17/2009,280,1,7,187.55,1.17691282,ES,TROPICAL / HUMID,0,0,0
1/19/2009,280,1,2,114.12,1.17700666,ES,TROPICAL / HUMID,0,0,0
1/20/2009,280,1,3,590.78,0.98752497,ES,TROPICAL / HUMID,1,0,0
1/21/2009,280,1,4,124.7,1.17714515,ES,TROPICAL / HUMID,1,0,0
1/22/2009,280,1,5,186.53,1.17707607,ES,TROPICAL / HUMID,0,0,0
1/23/2009,280,1,6,255.91,0.97725763,ES,TROPICAL / HUMID,0,0,0
1/24/2009,280,1,7,315.29,1.07751594,ES,TROPICAL / HUMID,0,0,0
1/26/2009,280,1,2,141.31,1.07692308,ES,TROPICAL / HUMID,0,0,1
1/27/2009,280,1,3,465.16,0.92690687,ES,TROPICAL / HUMID,1,0,1
1/28/2009,280,1,4,176.5,1.18708215,ES,TROPICAL / HUMID,1,0,1
1/29/2009,280,1,5,164.3,1.18697505,ES,TROPICAL / HUMID,0,0,1
1/30/2009,280,1,6,238.41,1.06706933,ES,TROPICAL / HUMID,0,0,1
1/31/2009,280,1,7,329.34,1.17735471,ES,TROPICAL / HUMID,0,0,1
2/01/2009,280,2,1,270.16,0.87759106,ES,TROPICAL / HUMID,0,0,1
2/02/2009,280,2,2,335.04,1.17705349,ES,TROPICAL / HUMID,0,0,1
2/04/2009,280,2,4,89.82,1.13716322,ES,TROPICAL / HUMID,0,0,1
2/05/2009,280,2,5,448.98,1.37687648,ES,TROPICAL / HUMID,0,0,1
2/06/2009,280,2,6,291.16,1.19590603,ES,TROPICAL / HUMID,0,0,1
2/07/2009,280,2,7,166.04,1.09780776,ES,TROPICAL / HUMID,0,0,1
2/13/2009,280,2,6,116.96,0.87739398,ES,TROPICAL / HUMID,1,0,1
2/14/2009,280,2,7,543.5,1.00886845,ES,TROPICAL / HUMID,1,0,1
2/16/2009,280,2,2,309.7,1.07639651,ES,TROPICAL / HUMID,0,0,1
2/17/2009,280,2,3,453.97,1.07758222,ES,TROPICAL / HUMID,1,0,1
2/18/2009,280,2,4,224.11,1.0762572,ES,TROPICAL / HUMID,0,0,1
2/19/2009,280,2,5,236.04,1.07761396,ES,TROPICAL / HUMID,0,0,1
2/20/2009,280,2,6,389.62,1.18756737,ES,TROPICAL / HUMID,0,0,1
2/21/2009,280,2,7,434.23,1.18743523,ES,TROPICAL / HUMID,0,0,1
2/23/2009,280,2,2,255.05,1.18721819,ES,TROPICAL / HUMID,0,0,1
2/24/2009,280,2,3,218.79,1.18748572,ES,TROPICAL / HUMID,1,0,1
2/25/2009,280,2,4,316.75,1.18737174,ES,TROPICAL / HUMID,0,0,1
2/26/2009,280,2,5,330.09,1.18722167,ES,TROPICAL / HUMID,0,0,1
2/27/2009,280,2,6,391.86,1.18741387,ES,TROPICAL / HUMID,0,0,1
2/28/2009,280,2,7,535.38,1.1873996,ES,TROPICAL / HUMID,0,0,1
3/01/2009,280,3,1,234.82,0.94774721,ES,TROPICAL / HUMID,0,0,1
3/02/2009,280,3,2,778.78,0.98754462,ES,TROPICAL / HUMID,1,0,1
3/04/2009,280,3,4,118.22,1.21138555,ES,TROPICAL / HUMID,1,0,1
3/06/2009,280,3,6,159.34,1.19794151,ES,TROPICAL / HUMID,0,0,1
3/07/2009,280,3,7,131.21,1.29730966,ES,TROPICAL / HUMID,0,0,1
3/08/2009,280,3,1,175.59,1.14773051,ES,TROPICAL / HUMID,0,0,1
4/02/2009,280,4,5,216.42,1.14725996,ES,TROPICAL / HUMID,0,0,1
4/04/2009,280,4,7,223.39,1.21111061,ES,TROPICAL / HUMID,1,0,1
4/05/2009,280,4,1,240.29,1.37750218,ES,TROPICAL / HUMID,0,0,1
4/06/2009,280,4,2,126.94,1.17748543,ES,TROPICAL / HUMID,0,0,1
4/07/2009,280,4,3,272.32,1.0777027,ES,TROPICAL / HUMID,0,0,1
4/08/2009,280,4,4,667.21,0.8468698,ES,TROPICAL / HUMID,1,0,1
4/13/2009,280,4,2,146.26,1.383837,ES,TROPICAL / HUMID,0,0,1
4/14/2009,280,4,3,228.6,1.04720035,ES,TROPICAL / HUMID,1,0,1
4/15/2009,280,4,4,99.8,1.38687375,ES,TROPICAL / HUMID,0,0,1
4/16/2009,280,4,5,110.05,1.38682417,ES,TROPICAL / HUMID,0,0,1
4/17/2009,280,4,6,139.78,1.38696523,ES,TROPICAL / HUMID,0,0,1
4/18/2009,280,4,7,157.9,1.37663078,ES,TROPICAL / HUMID,0,0,1
4/20/2009,280,4,2,97.62,1.37656218,ES,TROPICAL / HUMID,0,0,1
4/21/2009,280,4,3,99.53,1.37656988,ES,TROPICAL / HUMID,0,0,1
4/22/2009,280,4,4,259.14,1.377325,ES,TROPICAL / HUMID,0,0,1
4/23/2009,280,4,5,76.15,1.37662508,ES,TROPICAL / HUMID,0,0,1
4/24/2009,280,4,6,116.81,1.37676569,ES,TROPICAL / HUMID,0,0,1
4/25/2009,280,4,7,264.4,1.17726929,ES,TROPICAL / HUMID,0,0,1
4/27/2009,280,4,2,164.49,1.17672807,ES,TROPICAL / HUMID,0,0,1
4/28/2009,280,4,3,609.31,0.9475144,ES,TROPICAL / HUMID,1,0,1
4/29/2009,280,4,4,307.12,0.94738213,ES,TROPICAL / HUMID,1,0,1
4/30/2009,280,4,5,204.21,1.1670829,ES,TROPICAL / HUMID,0,0,1
5/01/2009,280,5,6,319.18,0.94745911,ES,TROPICAL / HUMID,0,0,1
5/02/2009,280,5,7,300.56,1.14745808,ES,TROPICAL / HUMID,0,0,1
5/05/2009,280,5,3,610.95,0.94783534,ES,TROPICAL / HUMID,1,0,1
5/06/2009,280,5,4,223.86,1.08782275,ES,TROPICAL / HUMID,1,0,1
5/08/2009,280,5,6,401.2,0.84778166,ES,TROPICAL / HUMID,1,0,1
5/13/2009,280,5,4,217.64,0.98704282,ES,TROPICAL / HUMID,1,0,1
5/14/2009,280,5,5,102.79,1.88695398,ES,TROPICAL / HUMID,0,0,1
5/15/2009,280,5,6,139.47,1.19782032,ES,TROPICAL / HUMID,0,0,1
5/16/2009,280,5,7,300.49,1.21767779,ES,TROPICAL / HUMID,0,0,1
5/18/2009,280,5,2,76.99,1.24756462,ES,TROPICAL / HUMID,0,0,1
5/19/2009,280,5,3,366.07,0.94744175,ES,TROPICAL / HUMID,1,0,1
5/20/2009,280,5,4,206.07,0.94783326,ES,TROPICAL / HUMID,1,0,1
5/21/2009,280,5,5,80.77,1.12368454,ES,TROPICAL / HUMID,1,0,1
5/22/2009,280,5,6,169.38,1.08749557,ES,TROPICAL / HUMID,0,0,1
5/23/2009,280,5,7,281.89,1.0775125,ES,TROPICAL / HUMID,0,0,1
5/25/2009,280,5,2,168.76,1.07732875,ES,TROPICAL / HUMID,0,0,1
5/26/2009,280,5,3,304.38,1.0774361,ES,TROPICAL / HUMID,1,0,1
5/27/2009,280,5,4,248.81,1.07781038,ES,TROPICAL / HUMID,1,0,1
5/28/2009,280,5,5,165.58,1.07778717,ES,TROPICAL / HUMID,0,0,1
5/29/2009,280,5,6,155.25,1.23755233,ES,TROPICAL / HUMID,0,0,1
5/30/2009,280,5,7,208.86,1.27702767,ES,TROPICAL / HUMID,0,0,1
6/01/2009,280,6,2,746.12,0.69772959,ES,TROPICAL / HUMID,1,0,1
6/02/2009,280,6,3,272.47,1.14742907,ES,TROPICAL / HUMID,0,0,1
6/04/2009,280,6,5,206.5,1.36460048,ES,TROPICAL / HUMID,1,0,1
6/05/2009,280,6,6,342.16,0.94745148,ES,TROPICAL / HUMID,1,0,1
6/06/2009,280,6,7,315.13,1.08751944,ES,TROPICAL / HUMID,1,0,1
6/07/2009,280,6,1,162.88,1.07772593,ES,TROPICAL / HUMID,0,0,1
6/08/2009,280,6,2,237.17,0.98768816,ES,TROPICAL / HUMID,0,0,1
6/13/2009,280,6,7,177.62,1.14744961,ES,TROPICAL / HUMID,0,0,1
6/15/2009,280,6,2,200.09,1.14763356,ES,TROPICAL / HUMID,0,0,1
6/16/2009,280,6,3,649.27,0.78783865,ES,TROPICAL / HUMID,1,0,1
6/17/2009,280,6,4,315.52,0.78755705,ES,TROPICAL / HUMID,1,0,1
6/18/2009,280,6,5,124.14,1.12856452,ES,TROPICAL / HUMID,0,0,1
6/19/2009,280,6,6,145.31,1.14754662,ES,TROPICAL / HUMID,0,0,1
6/20/2009,280,6,7,211.43,1.14733009,ES,TROPICAL / HUMID,0,0,1
6/22/2009,280,6,2,128.12,1.14712769,ES,TROPICAL / HUMID,0,0,1
6/23/2009,280,6,3,422.04,0.9872287,ES,TROPICAL / HUMID,1,0,1
6/24/2009,280,6,4,221.14,0.98715746,ES,TROPICAL / HUMID,1,0,1
6/25/2009,280,6,5,136.72,1.14752779,ES,TROPICAL / HUMID,0,0,1
6/27/2009,280,6,7,274.2,1.18745441,ES,TROPICAL / HUMID,0,0,1
6/29/2009,280,6,2,176.82,1.1875919,ES,TROPICAL / HUMID,0,0,1
6/30/2009,280,6,3,418.54,0.98781478,ES,TROPICAL / HUMID,1,1,1
7/01/2009,280,7,4,98.92,1.1465831,ES,TROPICAL / HUMID,1,1,1
7/02/2009,280,7,5,591.64,1.01607396,ES,TROPICAL / HUMID,1,1,1
7/04/2009,280,7,7,236.51,1.34543994,ES,TROPICAL / HUMID,1,1,1
7/05/2009,280,7,1,162.76,1.14739494,ES,TROPICAL / HUMID,0,1,1
7/07/2009,280,7,3,619.61,0.88750989,ES,TROPICAL / HUMID,1,1,1
7/08/2009,280,7,4,210.33,1.28769077,ES,TROPICAL / HUMID,0,1,1
7/13/2009,280,7,2,140.68,1.07740972,ES,TROPICAL / HUMID,0,1,1
7/14/2009,280,7,3,477.07,0.88775232,ES,TROPICAL / HUMID,1,1,1
7/15/2009,280,7,4,305.96,0.88763237,ES,TROPICAL / HUMID,1,1,1
7/16/2009,280,7,5,257.33,0.96743481,ES,TROPICAL / HUMID,0,1,1
7/17/2009,280,7,6,133.52,1.10462852,ES,TROPICAL / HUMID,1,1,1
7/18/2009,280,7,7,329.47,0.94779494,ES,TROPICAL / HUMID,0,1,1
7/20/2009,280,7,2,181.28,0.94776037,ES,TROPICAL / HUMID,0,1,1
7/21/2009,280,7,3,648.46,0.84779323,ES,TROPICAL / HUMID,1,1,1
7/22/2009,280,7,4,308.72,0.84782327,ES,TROPICAL / HUMID,1,1,1
7/23/2009,280,7,5,181.7,0.9376995,ES,TROPICAL / HUMID,0,1,1
7/24/2009,280,7,6,201.65,1.04760724,ES,TROPICAL / HUMID,0,1,1
7/25/2009,280,7,7,248.92,1.04756548,ES,TROPICAL / HUMID,0,1,1
7/27/2009,280,7,2,146.19,1.04726725,ES,TROPICAL / HUMID,0,1,1
7/28/2009,280,7,3,490.69,0.78772749,ES,TROPICAL / HUMID,1,1,1
7/29/2009,280,7,4,245.21,0.78752906,ES,TROPICAL / HUMID,1,1,1
7/30/2009,280,7,5,126,1.04706349,ES,TROPICAL / HUMID,0,1,1
7/31/2009,280,7,6,132.51,1.28745,ES,TROPICAL / HUMID,0,1,1
8/01/2009,280,8,7,126.94,1.14715614,ES,TROPICAL / HUMID,0,1,1
8/04/2009,280,8,3,140.84,1.26434252,ES,TROPICAL / HUMID,1,1,1
8/05/2009,280,8,4,102.98,1.67683045,ES,TROPICAL / HUMID,0,1,1
8/06/2009,280,8,5,116.5,1.16437768,ES,TROPICAL / HUMID,0,1,1
8/07/2009,280,8,6,337.32,0.88755484,ES,TROPICAL / HUMID,1,1,1
8/08/2009,280,8,7,355.7,0.97804329,ES,TROPICAL / HUMID,0,1,1
8/13/2009,280,8,5,131.97,1.27748731,ES,TROPICAL / HUMID,0,1,1
8/14/2009,280,8,6,108.73,1.27738435,ES,TROPICAL / HUMID,0,1,1
8/15/2009,280,8,7,213.82,1.27756992,ES,TROPICAL / HUMID,0,1,1
8/18/2009,280,8,3,436.12,0.98060167,ES,TROPICAL / HUMID,1,1,1
8/19/2009,280,8,4,299.37,0.9856365,ES,TROPICAL / HUMID,1,1,1
8/20/2009,280,8,5,123.95,1.23372328,ES,TROPICAL / HUMID,0,1,1
8/21/2009,280,8,6,163.35,1.27793082,ES,TROPICAL / HUMID,1,1,1
8/22/2009,280,8,7,278.12,1.2774342,ES,TROPICAL / HUMID,0,1,1
8/24/2009,280,8,2,122.89,1.27699569,ES,TROPICAL / HUMID,0,1,1
8/25/2009,280,8,3,722.46,0.88695568,ES,TROPICAL / HUMID,1,1,1
8/26/2009,280,8,4,419.49,0.88631433,ES,TROPICAL / HUMID,1,1,1
8/27/2009,280,8,5,131.79,1.29342135,ES,TROPICAL / HUMID,0,1,1
8/31/2009,280,8,2,124.35,1.29762766,ES,TROPICAL / HUMID,0,1,1
9/01/2009,280,9,3,171.4,1.24731622,ES,TROPICAL / HUMID,0,1,1
9/02/2009,280,9,4,242.55,1.14714492,ES,TROPICAL / HUMID,0,1,1
9/04/2009,280,9,6,195.47,1.24725022,ES,TROPICAL / HUMID,1,1,1
9/05/2009,280,9,7,257.72,1.14744684,ES,TROPICAL / HUMID,0,1,1
9/06/2009,280,9,1,650.58,0.78809678,ES,TROPICAL / HUMID,1,1,1
9/07/2009,280,9,2,143.96,0.94783273,ES,TROPICAL / HUMID,0,1,1
10/01/2009,280,10,5,279.07,1.24778729,ES,TROPICAL / HUMID,0,1,1
10/02/2009,280,10,6,891.63,0.88770005,ES,TROPICAL / HUMID,1,1,1
10/04/2009,280,10,1,95.11,1.24708233,ES,TROPICAL / HUMID,1,1,1
10/06/2009,280,10,3,362.53,0.7874107,ES,TROPICAL / HUMID,1,1,1
10/07/2009,280,10,4,257.69,0.97784159,ES,TROPICAL / HUMID,0,1,1
10/08/2009,280,10,5,219.23,0.97787712,ES,TROPICAL / HUMID,0,1,1
11/02/2009,280,11,2,274.1,0.8875228,ES,TROPICAL / HUMID,1,1,1
11/04/2009,280,11,4,118.43,1.24740353,ES,TROPICAL / HUMID,1,1,1
11/05/2009,280,11,5,130.3,1.1467383,ES,TROPICAL / HUMID,0,1,1
11/06/2009,280,11,6,165.6,1.07747585,ES,TROPICAL / HUMID,0,1,1
11/07/2009,280,11,7,290.17,1.07743736,ES,TROPICAL / HUMID,0,1,1
11/08/2009,280,11,1,650.46,0.88771024,ES,TROPICAL / HUMID,1,1,1
12/01/2009,280,12,3,283.11,0.99279432,ES,TROPICAL / HUMID,1,1,1
12/02/2009,280,12,4,88.87,1.18690222,ES,TROPICAL / HUMID,1,1,1
12/05/2009,280,12,7,509.33,0.98749337,ES,TROPICAL / HUMID,1,1,1
12/06/2009,280,12,1,121.94,1.07700508,ES,TROPICAL / HUMID,0,1,1
12/08/2009,280,12,3,425.72,0.88741426,ES,TROPICAL / HUMID,1,1,1
1/07/2008,1023,1,2,553.95,0.94441737,RJ,TROPICAL / HOT / SEMI-HUMID,1,0,0
1/08/2008,1023,1,3,393.46,0.97994714,RJ,TROPICAL / HOT / SEMI-HUMID,0,0,0
1/09/2008,1023,1,4,296.19,1.18623181,RJ,TROPICAL / HOT / SEMI-HUMID,0,0,0
1/10/2008,1023,1,5,470.5,0.9477152,RJ,TROPICAL / HOT / SEMI-HUMID,0,0,0
1/11/2008,1023,1,6,373.92,1.18993368,RJ,TROPICAL / HOT / SEMI-HUMID,0,0,0
1/12/2008,1023,1,7,344.58,1.18994138,RJ,TROPICAL / HOT / SEMI-HUMID,0,0,0
2/07/2008,1023,2,5,519.68,0.87640471,RJ,TROPICAL / HOT / SEMI-HUMID,0,0,0
2/08/2008,1023,2,6,414.22,0.88993771,RJ,TROPICAL / HOT / SEMI-HUMID,0,0,0
2/09/2008,1023,2,7,296.19,1.18623181,RJ,TROPICAL / HOT / SEMI-HUMID,1,0,0
2/10/2008,1023,2,1,384.22,0.99000573,RJ,TROPICAL / HOT / SEMI-HUMID,0,0,0
2/11/2008,1023,2,2,269.23,1.18987483,RJ,TROPICAL / HOT / SEMI-HUMID,0,0,0
2/12/2008,1023,2,3,670.45,0.98614363,RJ,TROPICAL / HOT / SEMI-HUMID,0,0,0
3/08/2008,1023,3,7,304.19,0.88980571,RJ,TROPICAL / HOT / SEMI-HUMID,0,0,0
3/09/2008,1023,3,1,394.47,0.96050397,RJ,TROPICAL / HOT / SEMI-HUMID,1,0,0
3/10/2008,1023,3,2,292.11,0.92930745,RJ,TROPICAL / HOT / SEMI-HUMID,0,0,0
3/11/2008,1023,3,3,304.47,1.19006799,RJ,TROPICAL / HOT / SEMI-HUMID,0,0,0
3/12/2008,1023,3,4,494.88,0.77475348,RJ,TROPICAL / HOT / SEMI-HUMID,1,0,0
4/07/2008,1023,4,2,298.01,1.25995772,RJ,TROPICAL / HOT / SEMI-HUMID,0,0,0
4/08/2008,1023,4,3,315.55,0.85732847,RJ,TROPICAL / HOT / SEMI-HUMID,1,0,0
4/09/2008,1023,4,4,293.63,0.99012362,RJ,TROPICAL / HOT / SEMI-HUMID,0,0,0
4/10/2008,1023,4,5,359.25,0.98853166,RJ,TROPICAL / HOT / SEMI-HUMID,0,0,0
4/11/2008,1023,4,6,579.55,1.15869209,RJ,TROPICAL / HOT / SEMI-HUMID,0,0,0
5/07/2008,1023,5,4,274.83,1.28992468,RJ,TROPICAL / HOT / SEMI-HUMID,0,0,0
5/08/2008,1023,5,5,593.63,0.86075502,RJ,TROPICAL / HOT / SEMI-HUMID,0,0,0
5/09/2008,1023,5,6,225.85,1.3288023,RJ,TROPICAL / HOT / SEMI-HUMID,0,0,0
5/10/2008,1023,5,7,185.3,0.98990826,RJ,TROPICAL / HOT / SEMI-HUMID,0,0,0
5/11/2008,1023,5,1,515.65,0.77853195,RJ,TROPICAL / HOT / SEMI-HUMID,1,0,0
5/12/2008,1023,5,2,391.04,1.19005728,RJ,TROPICAL / HOT / SEMI-HUMID,0,0,0
6/07/2008,1023,6,7,182.57,1.29008052,RJ,TROPICAL / HOT / SEMI-HUMID,0,0,0
6/08/2008,1023,6,1,378.18,0.77941721,RJ,TROPICAL / HOT / SEMI-HUMID,1,0,0
6/09/2008,1023,6,2,288.02,1.18766058,RJ,TROPICAL / HOT / SEMI-HUMID,0,0,0
6/10/2008,1023,6,3,274.78,0.98977364,RJ,TROPICAL / HOT / SEMI-HUMID,0,0,0
6/11/2008,1023,6,4,429.14,0.8901524,RJ,TROPICAL / HOT / SEMI-HUMID,1,0,0
6/12/2008,1023,6,5,390.6,0.99011777,RJ,TROPICAL / HOT / SEMI-HUMID,0,0,0
7/07/2008,1023,7,2,175.6,1.29014806,RJ,TROPICAL / HOT / SEMI-HUMID,1,0,0
7/08/2008,1023,7,3,221.31,0.89006371,RJ,TROPICAL / HOT / SEMI-HUMID,0,0,0
7/09/2008,1023,7,4,151.84,1.18993678,RJ,TROPICAL / HOT / SEMI-HUMID,0,0,0
7/10/2008,1023,7,5,583.83,0.98831852,RJ,TROPICAL / HOT / SEMI-HUMID,0,0,0
7/11/2008,1023,7,6,461.18,0.98998222,RJ,TROPICAL / HOT / SEMI-HUMID,1,0,0
7/12/2008,1023,7,7,345.44,0.98937587,RJ,TROPICAL / HOT / SEMI-HUMID,0,0,0
7/13/2008,1023,7,1,222.63,1.28989804,RJ,TROPICAL / HOT / SEMI-HUMID,0,0,0
7/14/2008,1023,7,2,250.84,1.29010525,RJ,TROPICAL / HOT / SEMI-HUMID,1,0,0
7/15/2008,1023,7,3,831.64,0.77917128,RJ,TROPICAL / HOT / SEMI-HUMID,1,0,0
7/16/2008,1023,7,4,276.31,0.98233868,RJ,TROPICAL / HOT / SEMI-HUMID,1,0,0
7/17/2008,1023,7,5,217.97,0.98999862,RJ,TROPICAL / HOT / SEMI-HUMID,0,0,0
7/18/2008,1023,7,6,221.57,0.98867175,RJ,TROPICAL / HOT / SEMI-HUMID,0,0,0
7/19/2008,1023,7,7,320.61,0.99023736,RJ,TROPICAL / HOT / SEMI-HUMID,0,0,0
7/20/2008,1023,7,1,244.87,0.98872871,RJ,TROPICAL / HOT / SEMI-HUMID,0,0,0
7/21/2008,1023,7,2,338.28,0.98932837,RJ,TROPICAL / HOT / SEMI-HUMID,1,0,0
7/22/2008,1023,7,3,551.28,0.96954361,RJ,TROPICAL / HOT / SEMI-HUMID,1,0,0
7/23/2008,1023,7,4,386.11,0.84281681,RJ,TROPICAL / HOT / SEMI-HUMID,1,0,0
7/24/2008,1023,7,5,162.96,1.19023073,RJ,TROPICAL / HOT / SEMI-HUMID,0,0,0
7/25/2008,1023,7,6,116.38,1.69023887,RJ,TROPICAL / HOT / SEMI-HUMID,0,0,0
7/26/2008,1023,7,7,148.87,1.27990865,RJ,TROPICAL / HOT / SEMI-HUMID,0,0,0
7/27/2008,1023,7,1,141.59,1.29013348,RJ,TROPICAL / HOT / SEMI-HUMID,0,0,0
7/28/2008,1023,7,2,225.64,1.27854104,RJ,TROPICAL / HOT / SEMI-HUMID,1,0,0
7/29/2008,1023,7,3,537.82,0.96193894,RJ,TROPICAL / HOT / SEMI-HUMID,1,0,0
7/30/2008,1023,7,4,521.78,0.69008011,RJ,TROPICAL / HOT / SEMI-HUMID,1,0,0
7/31/2008,1023,7,5,293.33,0.97876112,RJ,TROPICAL / HOT / SEMI-HUMID,0,0,0
8/07/2008,1023,8,5,635.09,0.88735455,RJ,TROPICAL / HOT / SEMI-HUMID,1,0,0
8/08/2008,1023,8,6,252.47,0.86168654,RJ,TROPICAL / HOT / SEMI-HUMID,0,0,0
8/09/2008,1023,8,7,233.66,1.18539759,RJ,TROPICAL / HOT / SEMI-HUMID,0,0,0
8/10/2008,1023,8,1,371.37,0.9617632,RJ,TROPICAL / HOT / SEMI-HUMID,0,0,0
8/11/2008,1023,8,2,610.42,0.98995773,RJ,TROPICAL / HOT / SEMI-HUMID,1,0,0
8/12/2008,1023,8,3,405.1,0.99012589,RJ,TROPICAL / HOT / SEMI-HUMID,0,0,0
8/13/2008,1023,8,4,321.91,0.93432947,RJ,TROPICAL / HOT / SEMI-HUMID,1,0,0
8/14/2008,1023,8,5,211.26,1.69000284,RJ,TROPICAL / HOT / SEMI-HUMID,0,0,0
8/15/2008,1023,8,6,220.5,1.69011338,RJ,TROPICAL / HOT / SEMI-HUMID,1,0,0
8/16/2008,1023,8,7,315.3,1.6623216,RJ,TROPICAL / HOT / SEMI-HUMID,0,0,0
8/17/2008,1023,8,1,194.76,1.69023413,RJ,TROPICAL / HOT / SEMI-HUMID,0,0,0
8/18/2008,1023,8,2,250.74,1.63192949,RJ,TROPICAL / HOT / SEMI-HUMID,1,0,0
8/19/2008,1023,8,3,430.09,1.12402055,RJ,TROPICAL / HOT / SEMI-HUMID,0,0,0
8/20/2008,1023,8,4,322.84,0.97106926,RJ,TROPICAL / HOT / SEMI-HUMID,1,0,0
8/21/2008,1023,8,5,334.93,0.85405906,RJ,TROPICAL / HOT / SEMI-HUMID,1,0,0
8/22/2008,1023,8,6,217.65,1.69000689,RJ,TROPICAL / HOT / SEMI-HUMID,0,0,0
8/23/2008,1023,8,7,379.99,0.99002605,RJ,TROPICAL / HOT / SEMI-HUMID,1,0,0
8/24/2008,1023,8,1,271.16,0.99011654,RJ,TROPICAL / HOT / SEMI-HUMID,1,0,0
8/25/2008,1023,8,2,291.73,1.2659651,RJ,TROPICAL / HOT / SEMI-HUMID,0,0,0
8/26/2008,1023,8,3,364.04,1.28527085,RJ,TROPICAL / HOT / SEMI-HUMID,0,0,0
8/27/2008,1023,8,4,370.43,0.83065626,RJ,TROPICAL / HOT / SEMI-HUMID,1,0,0
8/28/2008,1023,8,5,349.74,0.85008864,RJ,TROPICAL / HOT / SEMI-HUMID,0,0,0
8/29/2008,1023,8,6,295.44,1.17506093,RJ,TROPICAL / HOT / SEMI-HUMID,0,0,0
8/30/2008,1023,8,7,303.87,1.18998256,RJ,TROPICAL / HOT / SEMI-HUMID,0,0,0
8/31/2008,1023,8,1,215.37,1.19018433,RJ,TROPICAL / HOT / SEMI-HUMID,0,0,0
9/07/2008,1023,9,1,388.48,0.83960564,RJ,TROPICAL / HOT / SEMI-HUMID,1,0,0
9/08/2008,1023,9,2,286.33,1.19020012,RJ,TROPICAL / HOT / SEMI-HUMID,0,0,0
9/09/2008,1023,9,3,446.08,0.95785509,RJ,TROPICAL / HOT / SEMI-HUMID,1,0,0
9/10/2008,1023,9,4,246.92,1.29009396,RJ,TROPICAL / HOT / SEMI-HUMID,0,0,0
9/11/2008,1023,9,5,232,1.29,RJ,TROPICAL / HOT / SEMI-HUMID,0,0,0
9/12/2008,1023,9,6,571.43,0.98822253,RJ,TROPICAL / HOT / SEMI-HUMID,0,0,0
9/13/2008,1023,9,7,319.37,1.18996775,RJ,TROPICAL / HOT / SEMI-HUMID,0,0,0
9/14/2008,1023,9,1,166.53,1.19005585,RJ,TROPICAL / HOT / SEMI-HUMID,0,0,0
9/15/2008,1023,9,2,331.06,1.1715399,RJ,TROPICAL / HOT / SEMI-HUMID,1,0,0
9/16/2008,1023,9,3,429.93,1.28560463,RJ,TROPICAL / HOT / SEMI-HUMID,0,0,0
9/17/2008,1023,9,4,452.68,0.8699081,RJ,TROPICAL / HOT / SEMI-HUMID,1,0,0
9/18/2008,1023,9,5,229.43,1.18986183,RJ,TROPICAL / HOT / SEMI-HUMID,0,0,0
9/19/2008,1023,9,6,291.74,1.1900665,RJ,TROPICAL / HOT / SEMI-HUMID,1,0,0
9/20/2008,1023,9,7,306.09,1.18791859,RJ,TROPICAL / HOT / SEMI-HUMID,0,0,0
9/21/2008,1023,9,1,237.39,1.19002485,RJ,TROPICAL / HOT / SEMI-HUMID,0,0,0
9/22/2008,1023,9,2,239.43,1.18995113,RJ,TROPICAL / HOT / SEMI-HUMID,0,0,0
9/23/2008,1023,9,3,443.09,1.18691462,RJ,TROPICAL / HOT / SEMI-HUMID,1,0,0
9/24/2008,1023,9,4,342.34,0.88803529,RJ,TROPICAL / HOT / SEMI-HUMID,1,0,0
9/25/2008,1023,9,5,237.49,1.18981852,RJ,TROPICAL / HOT / SEMI-HUMID,0,0,0
9/26/2008,1023,9,6,332.59,0.99013801,RJ,TROPICAL / HOT / SEMI-HUMID,0,0,0
9/27/2008,1023,9,7,371.52,0.98993325,RJ,TROPICAL / HOT / SEMI-HUMID,0,0,0
9/28/2008,1023,9,1,229.91,0.98995259,RJ,TROPICAL / HOT / SEMI-HUMID,0,0,0
9/29/2008,1023,9,2,322.36,0.99004219,RJ,TROPICAL / HOT / SEMI-HUMID,0,0,0
9/30/2008,1023,9,3,408.51,0.98754008,RJ,TROPICAL / HOT / SEMI-HUMID,1,0,0
10/07/2008,1023,10,3,252.96,1.29028305,RJ,TROPICAL / HOT / SEMI-HUMID,0,0,0
10/08/2008,1023,10,4,136.99,1.18986787,RJ,TROPICAL / HOT / SEMI-HUMID,0,0,0
10/09/2008,1023,10,5,315.72,0.85696186,RJ,TROPICAL / HOT / SEMI-HUMID,1,0,0
10/10/2008,1023,10,6,237.35,1.18984622,RJ,TROPICAL / HOT / SEMI-HUMID,0,0,0
10/11/2008,1023,10,7,320.16,1.29013618,RJ,TROPICAL / HOT / SEMI-HUMID,0,0,0
10/12/2008,1023,10,1,434.34,0.83989501,RJ,TROPICAL / HOT / SEMI-HUMID,1,0,0
10/13/2008,1023,10,2,260.25,1.19020173,RJ,TROPICAL / HOT / SEMI-HUMID,0,0,0
10/14/2008,1023,10,3,843.1,0.68998933,RJ,TROPICAL / HOT / SEMI-HUMID,1,0,0
10/15/2008,1023,10,4,569.73,0.85575624,RJ,TROPICAL / HOT / SEMI-HUMID,1,0,0
10/16/2008,1023,10,5,382.13,1.19001387,RJ,TROPICAL / HOT / SEMI-HUMID,0,0,0
10/17/2008,1023,10,6,305.44,1.18998821,RJ,TROPICAL / HOT / SEMI-HUMID,0,0,0
10/18/2008,1023,10,7,422.11,1.18999787,RJ,TROPICAL / HOT / SEMI-HUMID,0,0,0
10/19/2008,1023,10,1,198.14,1.18976481,RJ,TROPICAL / HOT / SEMI-HUMID,0,0,0
10/21/2008,1023,10,3,1048.31,0.64005876,RJ,TROPICAL / HOT / SEMI-HUMID,1,0,0
10/22/2008,1023,10,4,553.45,0.87390008,RJ,TROPICAL / HOT / SEMI-HUMID,1,0,0
10/23/2008,1023,10,5,322.8,1.18990087,RJ,TROPICAL / HOT / SEMI-HUMID,0,0,0
10/24/2008,1023,10,6,442.98,0.98990925,RJ,TROPICAL / HOT / SEMI-HUMID,0,0,0
10/25/2008,1023,10,7,380.66,0.98999107,RJ,TROPICAL / HOT / SEMI-HUMID,0,0,0
10/26/2008,1023,10,1,280.06,0.99003785,RJ,TROPICAL / HOT / SEMI-HUMID,0,0,0
10/27/2008,1023,10,2,316.64,0.99005179,RJ,TROPICAL / HOT / SEMI-HUMID,0,0,0
10/28/2008,1023,10,3,533.94,1.18548901,RJ,TROPICAL / HOT / SEMI-HUMID,1,0,0
10/29/2008,1023,10,4,586.37,0.78806897,RJ,TROPICAL / HOT / SEMI-HUMID,1,0,0
10/30/2008,1023,10,5,359.49,1.18993574,RJ,TROPICAL / HOT / SEMI-HUMID,0,0,0
10/31/2008,1023,10,6,295.23,1.18876808,RJ,TROPICAL / HOT / SEMI-HUMID,0,0,0
11/07/2008,1023,11,6,306.71,1.27801506,RJ,TROPICAL / HOT / SEMI-HUMID,0,0,0
11/08/2008,1023,11,7,272.37,0.9639461,RJ,TROPICAL / HOT / SEMI-HUMID,1,0,0
11/09/2008,1023,11,1,212.76,1.19012032,RJ,TROPICAL / HOT / SEMI-HUMID,0,0,0
11/10/2008,1023,11,2,315.05,1.19016029,RJ,TROPICAL / HOT / SEMI-HUMID,0,0,0
11/11/2008,1023,11,3,572.54,1.18321864,RJ,TROPICAL / HOT / SEMI-HUMID,0,0,0
11/12/2008,1023,11,4,213.42,1.29013213,RJ,TROPICAL / HOT / SEMI-HUMID,0,0,0
11/13/2008,1023,11,5,292.46,1.29002257,RJ,TROPICAL / HOT / SEMI-HUMID,0,0,0
11/14/2008,1023,11,6,248.31,1.18573557,RJ,TROPICAL / HOT / SEMI-HUMID,0,0,0
11/15/2008,1023,11,7,266.48,1.19003302,RJ,TROPICAL / HOT / SEMI-HUMID,0,0,0
11/16/2008,1023,11,1,197.37,1.19015048,RJ,TROPICAL / HOT / SEMI-HUMID,0,0,0
11/17/2008,1023,11,2,420.24,1.19001047,RJ,TROPICAL / HOT / SEMI-HUMID,0,0,0
11/18/2008,1023,11,3,1008.76,0.69006503,RJ,TROPICAL / HOT / SEMI-HUMID,1,0,0
11/19/2008,1023,11,4,499.34,0.94424641,RJ,TROPICAL / HOT / SEMI-HUMID,1,0,0
11/20/2008,1023,11,5,367.7,1.28988306,RJ,TROPICAL / HOT / SEMI-HUMID,0,0,0
11/21/2008,1023,11,6,367.63,1.28999266,RJ,TROPICAL / HOT / SEMI-HUMID,0,0,0
11/22/2008,1023,11,7,409.44,1.28898007,RJ,TROPICAL / HOT / SEMI-HUMID,0,0,0
11/23/2008,1023,11,1,241.17,1.29004437,RJ,TROPICAL / HOT / SEMI-HUMID,0,0,0
11/24/2008,1023,11,2,333.03,1.29003393,RJ,TROPICAL / HOT / SEMI-HUMID,0,0,0
11/25/2008,1023,11,3,1197.5,0.68984551,RJ,TROPICAL / HOT / SEMI-HUMID,1,0,0
11/26/2008,1023,11,4,533.45,0.78706533,RJ,TROPICAL / HOT / SEMI-HUMID,1,0,0
11/27/2008,1023,11,5,252.78,1.29025239,RJ,TROPICAL / HOT / SEMI-HUMID,0,0,0
11/28/2008,1023,11,6,231.41,1.1900955,RJ,TROPICAL / HOT / SEMI-HUMID,0,0,0
11/29/2008,1023,11,7,324.62,1.18843571,RJ,TROPICAL / HOT / SEMI-HUMID,0,0,0
11/30/2008,1023,11,1,226.16,1.19013088,RJ,TROPICAL / HOT / SEMI-HUMID,0,0,0
12/07/2008,1023,12,1,269.91,1.2901708,RJ,TROPICAL / HOT / SEMI-HUMID,0,0,0
12/08/2008,1023,12,2,772.2,0.77691013,RJ,TROPICAL / HOT / SEMI-HUMID,1,0,0
12/09/2008,1023,12,3,252.63,1.19004077,RJ,TROPICAL / HOT / SEMI-HUMID,0,0,0
12/10/2008,1023,12,4,182.33,1.19009488,RJ,TROPICAL / HOT / SEMI-HUMID,0,0,0
12/11/2008,1023,12,5,719.8,0.76476799,RJ,TROPICAL / HOT / SEMI-HUMID,1,0,0
12/12/2008,1023,12,6,405.17,0.99017696,RJ,TROPICAL / HOT / SEMI-HUMID,0,0,0
12/13/2008,1023,12,7,353.83,0.98991041,RJ,TROPICAL / HOT / SEMI-HUMID,0,0,0
12/14/2008,1023,12,1,236.57,0.99006637,RJ,TROPICAL / HOT / SEMI-HUMID,0,0,0
12/15/2008,1023,12,2,298.04,0.99006845,RJ,TROPICAL / HOT / SEMI-HUMID,0,0,0
12/16/2008,1023,12,3,475.23,1.17418934,RJ,TROPICAL / HOT / SEMI-HUMID,0,0,0
12/17/2008,1023,12,4,556.02,0.68992123,RJ,TROPICAL / HOT / SEMI-HUMID,1,0,0
12/18/2008,1023,12,5,348.5,0.99001435,RJ,TROPICAL / HOT / SEMI-HUMID,0,0,0
12/19/2008,1023,12,6,363.6,0.9900165,RJ,TROPICAL / HOT / SEMI-HUMID,0,0,0
12/20/2008,1023,12,7,370.64,1.18977984,RJ,TROPICAL / HOT / SEMI-HUMID,0,0,0
12/21/2008,1023,12,1,332.39,1.18989741,RJ,TROPICAL / HOT / SEMI-HUMID,0,0,0
12/22/2008,1023,12,2,428.69,1.0859129,RJ,TROPICAL / HOT / SEMI-HUMID,0,0,0
12/23/2008,1023,12,3,781.32,0.79008601,RJ,TROPICAL / HOT / SEMI-HUMID,1,0,0
12/24/2008,1023,12,4,343.64,0.99001862,RJ,TROPICAL / HOT / SEMI-HUMID,0,0,0
12/26/2008,1023,12,6,388.29,0.99000747,RJ,TROPICAL / HOT / SEMI-HUMID,0,0,0
12/27/2008,1023,12,7,449.97,0.98995489,RJ,TROPICAL / HOT / SEMI-HUMID,0,0,0
12/28/2008,1023,12,1,386.92,0.99004962,RJ,TROPICAL / HOT / SEMI-HUMID,0,0,0
12/29/2008,1023,12,2,490.11,0.98994103,RJ,TROPICAL / HOT / SEMI-HUMID,0,0,0
12/30/2008,1023,12,3,827.5,0.8898852,RJ,TROPICAL / HOT / SEMI-HUMID,1,0,0
12/31/2008,1023,12,4,438.11,0.9871037,RJ,TROPICAL / HOT / SEMI-HUMID,0,0,0
1/02/2009,1023,1,6,370.69,0.88971917,RJ,TROPICAL / HOT / SEMI-HUMID,1,0,0
1/03/2009,1023,1,7,377.71,1.24990072,RJ,TROPICAL / HOT / SEMI-HUMID,0,0,0
1/04/2009,1023,1,1,336.99,1.54609929,RJ,TROPICAL / HOT / SEMI-HUMID,0,0,0
1/05/2009,1023,1,2,529.65,0.97998678,RJ,TROPICAL / HOT / SEMI-HUMID,1,0,0
1/06/2009,1023,1,3,435.22,0.95011718,RJ,TROPICAL / HOT / SEMI-HUMID,0,0,0
1/07/2009,1023,1,4,602.61,0.7777999,RJ,TROPICAL / HOT / SEMI-HUMID,0,0,0
1/08/2009,1023,1,5,288.69,1.18812567,RJ,TROPICAL / HOT / SEMI-HUMID,0,0,0
1/13/2009,1023,1,3,1697.38,0.58996807,RJ,TROPICAL / HOT / SEMI-HUMID,1,0,0
1/14/2009,1023,1,4,490.65,0.87373892,RJ,TROPICAL / HOT / SEMI-HUMID,1,0,0
1/15/2009,1023,1,5,290.33,1.29001481,RJ,TROPICAL / HOT / SEMI-HUMID,0,0,0
1/16/2009,1023,1,6,457.93,0.7899679,RJ,TROPICAL / HOT / SEMI-HUMID,1,0,0
1/17/2009,1023,1,7,527.79,0.79001118,RJ,TROPICAL / HOT / SEMI-HUMID,1,0,0
1/18/2009,1023,1,1,342.94,0.79010906,RJ,TROPICAL / HOT / SEMI-HUMID,1,0,0
1/19/2009,1023,1,2,302.02,1.29001391,RJ,TROPICAL / HOT / SEMI-HUMID,0,0,0
1/20/2009,1023,1,3,442.53,1.28999164,RJ,TROPICAL / HOT / SEMI-HUMID,0,0,0
1/21/2009,1023,1,4,524.23,0.77971501,RJ,TROPICAL / HOT / SEMI-HUMID,1,0,0
1/22/2009,1023,1,5,394.88,1.19003241,RJ,TROPICAL / HOT / SEMI-HUMID,0,0,0
1/23/2009,1023,1,6,367.55,1.03743708,RJ,TROPICAL / HOT / SEMI-HUMID,1,0,0
1/24/2009,1023,1,7,463.35,1.2899536,RJ,TROPICAL / HOT / SEMI-HUMID,0,0,0
1/25/2009,1023,1,1,298.96,1.28987155,RJ,TROPICAL / HOT / SEMI-HUMID,0,0,0
1/26/2009,1023,1,2,341.24,1.28994256,RJ,TROPICAL / HOT / SEMI-HUMID,0,0,1
1/27/2009,1023,1,3,629,1.18860095,RJ,TROPICAL / HOT / SEMI-HUMID,0,0,1
1/28/2009,1023,1,4,511.67,1.08851408,RJ,TROPICAL / HOT / SEMI-HUMID,0,0,1
1/29/2009,1023,1,5,335.45,1.18983455,RJ,TROPICAL / HOT / SEMI-HUMID,0,0,1
1/30/2009,1023,1,6,384.98,0.89004624,RJ,TROPICAL / HOT / SEMI-HUMID,1,0,1
1/31/2009,1023,1,7,410.7,0.89004139,RJ,TROPICAL / HOT / SEMI-HUMID,1,0,1
2/01/2009,1023,2,1,512.21,0.9900041,RJ,TROPICAL / HOT / SEMI-HUMID,0,0,1
2/02/2009,1023,2,2,408.63,1.29004234,RJ,TROPICAL / HOT / SEMI-HUMID,0,0,1
2/03/2009,1023,2,3,559.01,1.24995975,RJ,TROPICAL / HOT / SEMI-HUMID,0,0,1
2/04/2009,1023,2,4,385.4,1.58990659,RJ,TROPICAL / HOT / SEMI-HUMID,0,0,1
2/05/2009,1023,2,5,636.58,0.98026957,RJ,TROPICAL / HOT / SEMI-HUMID,1,0,1
2/06/2009,1023,2,6,1203.37,0.64995803,RJ,TROPICAL / HOT / SEMI-HUMID,1,0,1
2/07/2009,1023,2,7,400.29,0.78995228,RJ,TROPICAL / HOT / SEMI-HUMID,0,0,1
2/08/2009,1023,2,1,228.09,1.19005656,RJ,TROPICAL / HOT / SEMI-HUMID,0,0,1
2/13/2009,1023,2,6,341.56,1.19003982,RJ,TROPICAL / HOT / SEMI-HUMID,0,0,1
2/14/2009,1023,2,7,473.44,0.9822364,RJ,TROPICAL / HOT / SEMI-HUMID,1,0,1
2/15/2009,1023,2,1,250.98,0.97999841,RJ,TROPICAL / HOT / SEMI-HUMID,1,0,1
2/16/2009,1023,2,2,309.22,0.97813854,RJ,TROPICAL / HOT / SEMI-HUMID,0,0,1
2/17/2009,1023,2,3,708.9,0.88592185,RJ,TROPICAL / HOT / SEMI-HUMID,1,0,1
2/18/2009,1023,2,4,507.47,0.93952352,RJ,TROPICAL / HOT / SEMI-HUMID,1,0,1
2/19/2009,1023,2,5,452.72,1.2899143,RJ,TROPICAL / HOT / SEMI-HUMID,0,0,1
2/20/2009,1023,2,6,316.46,1.19003982,RJ,TROPICAL / HOT / SEMI-HUMID,0,0,1
2/21/2009,1023,2,7,547.28,1.18993934,RJ,TROPICAL / HOT / SEMI-HUMID,0,0,1
2/22/2009,1023,2,1,194.12,1.18993406,RJ,TROPICAL / HOT / SEMI-HUMID,0,0,1
2/23/2009,1023,2,2,452.29,1.19001083,RJ,TROPICAL / HOT / SEMI-HUMID,0,0,1
2/24/2009,1023,2,3,188.59,1.19009491,RJ,TROPICAL / HOT / SEMI-HUMID,0,0,1
2/25/2009,1023,2,4,633.87,0.77880322,RJ,TROPICAL / HOT / SEMI-HUMID,1,0,1
2/26/2009,1023,2,5,544.7,1.23574445,RJ,TROPICAL / HOT / SEMI-HUMID,0,0,1
2/27/2009,1023,2,6,480.73,1.24816425,RJ,TROPICAL / HOT / SEMI-HUMID,0,0,1
2/28/2009,1023,2,7,447.85,1.24861003,RJ,TROPICAL / HOT / SEMI-HUMID,0,0,1
3/01/2009,1023,3,1,562.37,0.88991234,RJ,TROPICAL / HOT / SEMI-HUMID,0,0,1
3/02/2009,1023,3,2,714.4,0.88882979,RJ,TROPICAL / HOT / SEMI-HUMID,1,0,1
3/03/2009,1023,3,3,597.34,1.23345164,RJ,TROPICAL / HOT / SEMI-HUMID,0,0,1
3/04/2009,1023,3,4,352.54,1.19986385,RJ,TROPICAL / HOT / SEMI-HUMID,0,0,1
3/05/2009,1023,3,5,397.45,0.98009813,RJ,TROPICAL / HOT / SEMI-HUMID,1,0,1
3/06/2009,1023,3,6,532.24,0.8786074,RJ,TROPICAL / HOT / SEMI-HUMID,1,0,1
3/07/2009,1023,3,7,377.17,0.99013707,RJ,TROPICAL / HOT / SEMI-HUMID,0,0,1
3/08/2009,1023,3,1,303.3,1.19004286,RJ,TROPICAL / HOT / SEMI-HUMID,0,0,1
3/13/2009,1023,3,6,417.99,1.1899567,RJ,TROPICAL / HOT / SEMI-HUMID,0,0,1
3/14/2009,1023,3,7,479.87,1.18607123,RJ,TROPICAL / HOT / SEMI-HUMID,0,0,1
3/15/2009,1023,3,1,254.18,1.18978677,RJ,TROPICAL / HOT / SEMI-HUMID,0,0,1
3/16/2009,1023,3,2,475.26,1.18764466,RJ,TROPICAL / HOT / SEMI-HUMID,0,0,1
3/17/2009,1023,3,3,1491.22,0.6800338,RJ,TROPICAL / HOT / SEMI-HUMID,1,0,1
3/18/2009,1023,3,4,328.56,1.18803263,RJ,TROPICAL / HOT / SEMI-HUMID,0,0,1
3/19/2009,1023,3,5,463.28,1.18908651,RJ,TROPICAL / HOT / SEMI-HUMID,1,0,1
3/20/2009,1023,3,6,440.88,1.19009708,RJ,TROPICAL / HOT / SEMI-HUMID,1,0,1
3/21/2009,1023,3,7,407.6,1.38994112,RJ,TROPICAL / HOT / SEMI-HUMID,0,0,1
3/22/2009,1023,3,1,202.22,1.39002077,RJ,TROPICAL / HOT / SEMI-HUMID,0,0,1
3/23/2009,1023,3,2,308.54,1.39009529,RJ,TROPICAL / HOT / SEMI-HUMID,0,0,1
3/24/2009,1023,3,3,1031.62,0.6799209,RJ,TROPICAL / HOT / SEMI-HUMID,1,0,1
3/25/2009,1023,3,4,468.74,1.14684047,RJ,TROPICAL / HOT / SEMI-HUMID,0,0,1
3/26/2009,1023,3,5,397.49,1.19006767,RJ,TROPICAL / HOT / SEMI-HUMID,0,0,1
3/27/2009,1023,3,6,387.78,1.18992728,RJ,TROPICAL / HOT / SEMI-HUMID,0,0,1
3/28/2009,1023,3,7,497.23,1.18985178,RJ,TROPICAL / HOT / SEMI-HUMID,0,0,1
3/29/2009,1023,3,1,279.22,1.18995774,RJ,TROPICAL / HOT / SEMI-HUMID,0,0,1
3/30/2009,1023,3,2,380.87,1.19001234,RJ,TROPICAL / HOT / SEMI-HUMID,0,0,1
3/31/2009,1023,3,3,1035.04,0.65003285,RJ,TROPICAL / HOT / SEMI-HUMID,1,0,1
4/01/2009,1023,4,4,382.17,0.8901536,RJ,TROPICAL / HOT / SEMI-HUMID,0,0,1
4/02/2009,1023,4,5,423.55,0.88841931,RJ,TROPICAL / HOT / SEMI-HUMID,1,0,1
4/03/2009,1023,4,6,465.78,1.2242475,RJ,TROPICAL / HOT / SEMI-HUMID,0,0,1
4/04/2009,1023,4,7,550.67,1.05987252,RJ,TROPICAL / HOT / SEMI-HUMID,0,0,1
4/05/2009,1023,4,1,328.85,1.28991942,RJ,TROPICAL / HOT / SEMI-HUMID,0,0,1
4/06/2009,1023,4,2,355.69,1.28991538,RJ,TROPICAL / HOT / SEMI-HUMID,0,0,1
4/07/2009,1023,4,3,336.51,1.05004309,RJ,TROPICAL / HOT / SEMI-HUMID,0,0,1
4/08/2009,1023,4,4,1438.97,0.58001209,RJ,TROPICAL / HOT / SEMI-HUMID,1,0,1
4/13/2009,1023,4,2,384.38,0.98987981,RJ,TROPICAL / HOT / SEMI-HUMID,0,0,1
4/14/2009,1023,4,3,694.56,0.98554481,RJ,TROPICAL / HOT / SEMI-HUMID,0,0,1
4/15/2009,1023,4,4,368.19,0.91564138,RJ,TROPICAL / HOT / SEMI-HUMID,1,0,1
4/16/2009,1023,4,5,290.52,0.98981137,RJ,TROPICAL / HOT / SEMI-HUMID,0,0,1
4/17/2009,1023,4,6,331.21,1.24999245,RJ,TROPICAL / HOT / SEMI-HUMID,0,0,1
4/18/2009,1023,4,7,498.15,0.98998294,RJ,TROPICAL / HOT / SEMI-HUMID,0,0,1
4/19/2009,1023,4,1,348.09,0.99014623,RJ,TROPICAL / HOT / SEMI-HUMID,0,0,1
4/20/2009,1023,4,2,427.6,0.98999065,RJ,TROPICAL / HOT / SEMI-HUMID,0,0,1
4/21/2009,1023,4,3,404.99,1.38215758,RJ,TROPICAL / HOT / SEMI-HUMID,0,0,1
4/22/2009,1023,4,4,390.05,1.37664402,RJ,TROPICAL / HOT / SEMI-HUMID,0,0,1
4/23/2009,1023,4,5,359.74,1.39000389,RJ,TROPICAL / HOT / SEMI-HUMID,0,0,1
4/24/2009,1023,4,6,299.82,1.38966713,RJ,TROPICAL / HOT / SEMI-HUMID,0,0,1
4/25/2009,1023,4,7,331.59,1.28432703,RJ,TROPICAL / HOT / SEMI-HUMID,0,0,1
4/26/2009,1023,4,1,222.58,1.28996316,RJ,TROPICAL / HOT / SEMI-HUMID,0,0,1
4/27/2009,1023,4,2,356.5,1.29009818,RJ,TROPICAL / HOT / SEMI-HUMID,0,0,1
4/28/2009,1023,4,3,745.92,0.73967718,RJ,TROPICAL / HOT / SEMI-HUMID,1,0,1
4/29/2009,1023,4,4,429.83,0.96386944,RJ,TROPICAL / HOT / SEMI-HUMID,1,0,1
4/30/2009,1023,4,5,366.78,1.2883745,RJ,TROPICAL / HOT / SEMI-HUMID,0,0,1
5/01/2009,1023,5,6,497.88,0.88997349,RJ,TROPICAL / HOT / SEMI-HUMID,0,0,1
5/02/2009,1023,5,7,421.98,1.1900327,RJ,TROPICAL / HOT / SEMI-HUMID,0,0,1
5/03/2009,1023,5,1,377.17,1.24986081,RJ,TROPICAL / HOT / SEMI-HUMID,0,0,1
5/04/2009,1023,5,2,318.28,1.06001005,RJ,TROPICAL / HOT / SEMI-HUMID,0,0,1
5/05/2009,1023,5,3,2351.8,0.47996003,RJ,TROPICAL / HOT / SEMI-HUMID,1,0,1
5/06/2009,1023,5,4,379.71,0.97977404,RJ,TROPICAL / HOT / SEMI-HUMID,1,0,1
5/07/2009,1023,5,5,284.32,1.05011958,RJ,TROPICAL / HOT / SEMI-HUMID,0,0,1
5/08/2009,1023,5,6,403.47,1.12692393,RJ,TROPICAL / HOT / SEMI-HUMID,1,0,1
5/13/2009,1023,5,4,438.35,0.9318581,RJ,TROPICAL / HOT / SEMI-HUMID,1,0,1
5/14/2009,1023,5,5,529.03,0.94994613,RJ,TROPICAL / HOT / SEMI-HUMID,0,0,1
5/15/2009,1023,5,6,341.47,1.38990248,RJ,TROPICAL / HOT / SEMI-HUMID,0,0,1
5/16/2009,1023,5,7,468.62,1.38647518,RJ,TROPICAL / HOT / SEMI-HUMID,0,0,1
5/17/2009,1023,5,1,283.62,1.39006417,RJ,TROPICAL / HOT / SEMI-HUMID,0,0,1
5/18/2009,1023,5,2,386.47,1.45007374,RJ,TROPICAL / HOT / SEMI-HUMID,0,0,1
5/19/2009,1023,5,3,1326.81,0.59005434,RJ,TROPICAL / HOT / SEMI-HUMID,1,0,1
5/20/2009,1023,5,4,449.9,0.8588353,RJ,TROPICAL / HOT / SEMI-HUMID,1,0,1
5/21/2009,1023,5,5,342.25,1.45013879,RJ,TROPICAL / HOT / SEMI-HUMID,0,0,1
5/22/2009,1023,5,6,449.28,0.88710826,RJ,TROPICAL / HOT / SEMI-HUMID,1,0,1
5/23/2009,1023,5,7,606.84,0.88280272,RJ,TROPICAL / HOT / SEMI-HUMID,1,0,1
5/24/2009,1023,5,1,381.56,0.88997799,RJ,TROPICAL / HOT / SEMI-HUMID,1,0,1
5/25/2009,1023,5,2,427.87,0.95005492,RJ,TROPICAL / HOT / SEMI-HUMID,0,0,1
5/26/2009,1023,5,3,862.63,0.86941099,RJ,TROPICAL / HOT / SEMI-HUMID,0,0,1
5/27/2009,1023,5,4,525.91,0.87168907,RJ,TROPICAL / HOT / SEMI-HUMID,1,0,1
5/28/2009,1023,5,5,475.54,0.95016192,RJ,TROPICAL / HOT / SEMI-HUMID,0,0,1
5/29/2009,1023,5,6,439.69,0.94905502,RJ,TROPICAL / HOT / SEMI-HUMID,1,0,1
5/30/2009,1023,5,7,494.82,0.94992118,RJ,TROPICAL / HOT / SEMI-HUMID,1,0,1
5/31/2009,1023,5,1,428.55,0.95006417,RJ,TROPICAL / HOT / SEMI-HUMID,1,0,1
6/01/2009,1023,6,2,700.68,0.88822287,RJ,TROPICAL / HOT / SEMI-HUMID,0,0,1
6/02/2009,1023,6,3,468.78,1.19000384,RJ,TROPICAL / HOT / SEMI-HUMID,0,0,1
6/03/2009,1023,6,4,499.43,1.18995655,RJ,TROPICAL / HOT / SEMI-HUMID,0,0,1
6/04/2009,1023,6,5,405.61,1.05988511,RJ,TROPICAL / HOT / SEMI-HUMID,0,0,1
6/05/2009,1023,6,6,688.61,0.78519046,RJ,TROPICAL / HOT / SEMI-HUMID,1,0,1
6/06/2009,1023,6,7,543.04,0.88991603,RJ,TROPICAL / HOT / SEMI-HUMID,1,0,1
6/07/2009,1023,6,1,332.43,1.05005565,RJ,TROPICAL / HOT / SEMI-HUMID,0,0,1
6/08/2009,1023,6,2,442.66,0.78992907,RJ,TROPICAL / HOT / SEMI-HUMID,0,0,1
6/13/2009,1023,6,7,438.44,0.78991424,RJ,TROPICAL / HOT / SEMI-HUMID,1,0,1
6/14/2009,1023,6,1,317.56,0.79002393,RJ,TROPICAL / HOT / SEMI-HUMID,1,0,1
6/15/2009,1023,6,2,338.48,0.94992319,RJ,TROPICAL / HOT / SEMI-HUMID,0,0,1
6/16/2009,1023,6,3,1048.77,0.64406877,RJ,TROPICAL / HOT / SEMI-HUMID,1,0,1
6/17/2009,1023,6,4,571.96,0.77348066,RJ,TROPICAL / HOT / SEMI-HUMID,1,0,1
6/18/2009,1023,6,5,382.79,0.95007707,RJ,TROPICAL / HOT / SEMI-HUMID,0,0,1
6/19/2009,1023,6,6,474.51,0.6899117,RJ,TROPICAL / HOT / SEMI-HUMID,1,0,1
6/20/2009,1023,6,7,486.83,0.68997391,RJ,TROPICAL / HOT / SEMI-HUMID,1,0,1
6/21/2009,1023,6,1,439.78,0.69000409,RJ,TROPICAL / HOT / SEMI-HUMID,1,0,1
6/22/2009,1023,6,2,289.81,1.18995204,RJ,TROPICAL / HOT / SEMI-HUMID,0,0,1
6/23/2009,1023,6,3,961.61,0.63566311,RJ,TROPICAL / HOT / SEMI-HUMID,1,0,1
6/24/2009,1023,6,4,388.15,0.98727296,RJ,TROPICAL / HOT / SEMI-HUMID,1,0,1
6/25/2009,1023,6,5,292.92,1.18462379,RJ,TROPICAL / HOT / SEMI-HUMID,0,0,1
6/27/2009,1023,6,7,430.59,0.89017395,RJ,TROPICAL / HOT / SEMI-HUMID,0,0,1
6/28/2009,1023,6,1,339.34,0.89002181,RJ,TROPICAL / HOT / SEMI-HUMID,0,0,1
6/29/2009,1023,6,2,386.64,0.8900269,RJ,TROPICAL / HOT / SEMI-HUMID,0,0,1
7/01/2009,1023,7,4,659.1,0.84729176,RJ,TROPICAL / HOT / SEMI-HUMID,1,1,1
7/02/2009,1023,7,5,445.9,1.19002018,RJ,TROPICAL / HOT / SEMI-HUMID,0,1,1
7/03/2009,1023,7,6,472.53,1.25003703,RJ,TROPICAL / HOT / SEMI-HUMID,0,1,1
7/04/2009,1023,7,7,1273.26,0.78892763,RJ,TROPICAL / HOT / SEMI-HUMID,1,1,1
7/05/2009,1023,7,1,540.56,0.98747595,RJ,TROPICAL / HOT / SEMI-HUMID,0,1,1
7/06/2009,1023,7,2,477.91,0.89000021,RJ,TROPICAL / HOT / SEMI-HUMID,1,1,1
7/07/2009,1023,7,3,1400.11,0.63762847,RJ,TROPICAL / HOT / SEMI-HUMID,1,1,1
7/08/2009,1023,7,4,342.02,1.08847436,RJ,TROPICAL / HOT / SEMI-HUMID,0,1,1
7/13/2009,1023,7,2,331.42,1.04996681,RJ,TROPICAL / HOT / SEMI-HUMID,0,1,1
7/14/2009,1023,7,3,948.63,0.63853136,RJ,TROPICAL / HOT / SEMI-HUMID,1,1,1
7/15/2009,1023,7,4,382.57,0.78098126,RJ,TROPICAL / HOT / SEMI-HUMID,1,1,1
7/16/2009,1023,7,5,291.7,0.79016112,RJ,TROPICAL / HOT / SEMI-HUMID,0,1,1
7/17/2009,1023,7,6,268.89,0.7898769,RJ,TROPICAL / HOT / SEMI-HUMID,1,1,1
7/18/2009,1023,7,7,263.17,0.88999506,RJ,TROPICAL / HOT / SEMI-HUMID,1,1,1
7/19/2009,1023,7,1,151.62,0.89012004,RJ,TROPICAL / HOT / SEMI-HUMID,1,1,1
7/20/2009,1023,7,2,225.39,0.89041217,RJ,TROPICAL / HOT / SEMI-HUMID,0,1,1
7/21/2009,1023,7,3,975.81,0.63785983,RJ,TROPICAL / HOT / SEMI-HUMID,1,1,1
7/22/2009,1023,7,4,433.73,0.63562585,RJ,TROPICAL / HOT / SEMI-HUMID,1,1,1
7/23/2009,1023,7,5,336.13,0.68997114,RJ,TROPICAL / HOT / SEMI-HUMID,1,1,1
7/24/2009,1023,7,6,273.98,0.98802832,RJ,TROPICAL / HOT / SEMI-HUMID,0,1,1
7/25/2009,1023,7,7,394.28,1.27886274,RJ,TROPICAL / HOT / SEMI-HUMID,1,1,1
7/26/2009,1023,7,1,353.37,0.79007839,RJ,TROPICAL / HOT / SEMI-HUMID,1,1,1
7/27/2009,1023,7,2,256.23,1.27822659,RJ,TROPICAL / HOT / SEMI-HUMID,0,1,1
7/29/2009,1023,7,4,397.85,0.91818525,RJ,TROPICAL / HOT / SEMI-HUMID,0,1,1
7/30/2009,1023,7,5,270.5,0.9871719,RJ,TROPICAL / HOT / SEMI-HUMID,0,1,1
7/31/2009,1023,7,6,326.42,1.18473133,RJ,TROPICAL / HOT / SEMI-HUMID,0,1,1
8/01/2009,1023,8,7,462.78,0.98997364,RJ,TROPICAL / HOT / SEMI-HUMID,0,1,1
8/02/2009,1023,8,1,260.04,1.18993232,RJ,TROPICAL / HOT / SEMI-HUMID,0,1,1
8/03/2009,1023,8,2,300.66,1.25004989,RJ,TROPICAL / HOT / SEMI-HUMID,0,1,1
8/04/2009,1023,8,3,669.52,0.8857241,RJ,TROPICAL / HOT / SEMI-HUMID,1,1,1
8/05/2009,1023,8,4,650.51,0.889994,RJ,TROPICAL / HOT / SEMI-HUMID,1,1,1
8/06/2009,1023,8,5,391.35,0.88979175,RJ,TROPICAL / HOT / SEMI-HUMID,0,1,1
8/07/2009,1023,8,6,341.07,1.00847333,RJ,TROPICAL / HOT / SEMI-HUMID,0,1,1
8/08/2009,1023,8,7,479.71,1.18982302,RJ,TROPICAL / HOT / SEMI-HUMID,0,1,1
8/13/2009,1023,8,5,423.68,0.79010102,RJ,TROPICAL / HOT / SEMI-HUMID,0,1,1
8/14/2009,1023,8,6,292.08,0.79002328,RJ,TROPICAL / HOT / SEMI-HUMID,0,1,1
8/15/2009,1023,8,7,351.85,0.78999574,RJ,TROPICAL / HOT / SEMI-HUMID,0,1,1
8/16/2009,1023,8,1,334.87,0.79003793,RJ,TROPICAL / HOT / SEMI-HUMID,0,1,1
8/17/2009,1023,8,2,576.94,0.79003016,RJ,TROPICAL / HOT / SEMI-HUMID,0,1,1
8/18/2009,1023,8,3,1230.48,0.57996067,RJ,TROPICAL / HOT / SEMI-HUMID,1,1,1
8/19/2009,1023,8,4,283.46,1.06156071,RJ,TROPICAL / HOT / SEMI-HUMID,0,1,1
8/20/2009,1023,8,5,291.83,0.79022033,RJ,TROPICAL / HOT / SEMI-HUMID,1,1,1
8/21/2009,1023,8,6,287.97,0.78997812,RJ,TROPICAL / HOT / SEMI-HUMID,1,1,1
8/22/2009,1023,8,7,369.16,0.78976596,RJ,TROPICAL / HOT / SEMI-HUMID,1,1,1
8/23/2009,1023,8,1,230.27,0.78998567,RJ,TROPICAL / HOT / SEMI-HUMID,1,1,1
8/24/2009,1023,8,2,292.77,0.79014243,RJ,TROPICAL / HOT / SEMI-HUMID,1,1,1
8/25/2009,1023,8,3,943.64,0.57999873,RJ,TROPICAL / HOT / SEMI-HUMID,1,1,1
8/26/2009,1023,8,4,269.97,0.89591436,RJ,TROPICAL / HOT / SEMI-HUMID,1,1,1
8/27/2009,1023,8,5,290.53,1.18979107,RJ,TROPICAL / HOT / SEMI-HUMID,0,1,1
8/31/2009,1023,8,2,459.86,0.78995781,RJ,TROPICAL / HOT / SEMI-HUMID,1,1,1
9/01/2009,1023,9,3,276.07,1.15014308,RJ,TROPICAL / HOT / SEMI-HUMID,0,1,1
9/02/2009,1023,9,4,346.6,1.19001731,RJ,TROPICAL / HOT / SEMI-HUMID,0,1,1
9/03/2009,1023,9,5,337.68,1.24988154,RJ,TROPICAL / HOT / SEMI-HUMID,0,1,1
9/04/2009,1023,9,6,488.64,1.05990095,RJ,TROPICAL / HOT / SEMI-HUMID,0,1,1
9/05/2009,1023,9,7,608.26,0.89011278,RJ,TROPICAL / HOT / SEMI-HUMID,1,1,1
9/06/2009,1023,9,1,1378.99,0.64947534,RJ,TROPICAL / HOT / SEMI-HUMID,1,1,1
9/07/2009,1023,9,2,270.68,1.04983745,RJ,TROPICAL / HOT / SEMI-HUMID,0,1,1
9/08/2009,1023,9,3,210.71,1.1900242,RJ,TROPICAL / HOT / SEMI-HUMID,0,1,1
10/01/2009,1023,10,5,353.72,1.14893136,RJ,TROPICAL / HOT / SEMI-HUMID,0,1,1
10/02/2009,1023,10,6,631.11,1.18694047,RJ,TROPICAL / HOT / SEMI-HUMID,0,1,1
10/03/2009,1023,10,7,1020.94,0.88141321,RJ,TROPICAL / HOT / SEMI-HUMID,1,1,1
10/04/2009,1023,10,1,462.56,0.99005534,RJ,TROPICAL / HOT / SEMI-HUMID,0,1,1
10/05/2009,1023,10,2,242.93,0.89013296,RJ,TROPICAL / HOT / SEMI-HUMID,1,1,1
10/06/2009,1023,10,3,686.98,0.78487001,RJ,TROPICAL / HOT / SEMI-HUMID,1,1,1
10/07/2009,1023,10,4,243.73,1.05026053,RJ,TROPICAL / HOT / SEMI-HUMID,0,1,1
10/08/2009,1023,10,5,311.13,1.18358885,RJ,TROPICAL / HOT / SEMI-HUMID,0,1,1
11/01/2009,1023,11,1,342.45,1.1499197,RJ,TROPICAL / HOT / SEMI-HUMID,0,1,1
11/02/2009,1023,11,2,604.93,0.87724199,RJ,TROPICAL / HOT / SEMI-HUMID,1,1,1
11/03/2009,1023,11,3,485.6,0.96433278,RJ,TROPICAL / HOT / SEMI-HUMID,1,1,1
11/04/2009,1023,11,4,469.05,0.99006503,RJ,TROPICAL / HOT / SEMI-HUMID,0,1,1
11/05/2009,1023,11,5,459.49,0.94718057,RJ,TROPICAL / HOT / SEMI-HUMID,0,1,1
11/06/2009,1023,11,6,408.71,0.9899929,RJ,TROPICAL / HOT / SEMI-HUMID,0,1,1
11/07/2009,1023,11,7,261.48,1.0499847,RJ,TROPICAL / HOT / SEMI-HUMID,0,1,1
11/08/2009,1023,11,1,1152.26,0.73549373,RJ,TROPICAL / HOT / SEMI-HUMID,1,1,1
12/01/2009,1023,12,3,382.94,1.1500235,RJ,TROPICAL / HOT / SEMI-HUMID,0,1,1
12/02/2009,1023,12,4,283.65,1.19002292,RJ,TROPICAL / HOT / SEMI-HUMID,0,1,1
12/03/2009,1023,12,5,362.05,1.24993785,RJ,TROPICAL / HOT / SEMI-HUMID,0,1,1
12/04/2009,1023,12,6,226.12,0.98991686,RJ,TROPICAL / HOT / SEMI-HUMID,0,1,1
12/05/2009,1023,12,7,463.24,1.31204127,RJ,TROPICAL / HOT / SEMI-HUMID,0,1,1
12/06/2009,1023,12,1,400.53,0.78990338,RJ,TROPICAL / HOT / SEMI-HUMID,1,1,1
12/07/2009,1023,12,2,201.82,1.04999505,RJ,TROPICAL / HOT / SEMI-HUMID,0,1,1
12/08/2009,1023,12,3,511.58,0.57768091,RJ,TROPICAL / HOT / SEMI-HUMID,1,1,1
1/07/2008,1031,1,2,160.27,1.36619455,SP,TEMPERED / HUMID,0,0,0
1/08/2008,1031,1,3,84.83,1.17222681,SP,TEMPERED / HUMID,0,0,0
1/09/2008,1031,1,4,106.29,1.39025308,SP,TEMPERED / HUMID,0,0,0
1/10/2008,1031,1,5,3789.51,0.36997659,SP,TEMPERED / HUMID,0,0,0
1/11/2008,1031,1,6,220.46,1.27633131,SP,TEMPERED / HUMID,0,0,0
1/12/2008,1031,1,7,93.86,1.18069465,SP,TEMPERED / HUMID,0,0,0
2/07/2008,1031,2,5,1104.51,0.54969172,SP,TEMPERED / HUMID,1,0,0
2/08/2008,1031,2,6,182.75,1.28273598,SP,TEMPERED / HUMID,0,0,0
2/09/2008,1031,2,7,76.63,1.19809474,SP,TEMPERED / HUMID,0,0,0
2/10/2008,1031,2,1,163.47,0.88994923,SP,TEMPERED / HUMID,0,0,0
2/11/2008,1031,2,2,183.09,1.27494675,SP,TEMPERED / HUMID,0,0,0
2/12/2008,1031,2,3,101.08,1.19044321,SP,TEMPERED / HUMID,0,0,0
3/07/2008,1031,3,6,46.81,0.98974578,SP,TEMPERED / HUMID,1,0,0
3/08/2008,1031,3,7,179.21,1.27040902,SP,TEMPERED / HUMID,0,0,0
3/09/2008,1031,3,1,353.15,0.77417528,SP,TEMPERED / HUMID,1,0,0
3/10/2008,1031,3,2,223.32,0.9111141,SP,TEMPERED / HUMID,0,0,0
3/11/2008,1031,3,3,144.77,1.20059405,SP,TEMPERED / HUMID,0,0,0
3/12/2008,1031,3,4,1173.29,0.59003315,SP,TEMPERED / HUMID,1,0,0
4/07/2008,1031,4,2,90.74,1.34968041,SP,TEMPERED / HUMID,0,0,0
4/08/2008,1031,4,3,66.8,1.28997006,SP,TEMPERED / HUMID,0,0,0
4/09/2008,1031,4,4,60.79,1.22914953,SP,TEMPERED / HUMID,0,0,0
4/10/2008,1031,4,5,398.79,0.9898192,SP,TEMPERED / HUMID,0,0,0
4/11/2008,1031,4,6,138.3,1.25741142,SP,TEMPERED / HUMID,0,0,0
5/07/2008,1031,5,4,118.12,1.33897731,SP,TEMPERED / HUMID,0,0,0
5/08/2008,1031,5,5,81.11,1.37036124,SP,TEMPERED / HUMID,0,0,0
5/09/2008,1031,5,6,237.96,0.78029921,SP,TEMPERED / HUMID,1,0,0
5/10/2008,1031,5,7,264.03,0.99000114,SP,TEMPERED / HUMID,0,0,0
5/11/2008,1031,5,1,893.56,0.75615515,SP,TEMPERED / HUMID,1,0,0
5/12/2008,1031,5,2,233.81,0.69004747,SP,TEMPERED / HUMID,1,0,0
6/07/2008,1031,6,7,132.15,1.35043511,SP,TEMPERED / HUMID,0,0,0
6/08/2008,1031,6,1,429.18,0.85234633,SP,TEMPERED / HUMID,1,0,0
6/09/2008,1031,6,2,421.22,0.78013864,SP,TEMPERED / HUMID,1,0,0
6/10/2008,1031,6,3,98.92,0.98978973,SP,TEMPERED / HUMID,0,0,0
6/11/2008,1031,6,4,238.15,0.87994961,SP,TEMPERED / HUMID,0,0,0
6/12/2008,1031,6,5,525.91,0.69009907,SP,TEMPERED / HUMID,1,0,0
7/07/2008,1031,7,2,70.19,1.34976492,SP,TEMPERED / HUMID,0,0,0
7/08/2008,1031,7,3,48.05,1.39042664,SP,TEMPERED / HUMID,0,0,0
7/09/2008,1031,7,4,222.47,0.78006023,SP,TEMPERED / HUMID,1,0,0
7/10/2008,1031,7,5,96.37,1.26429387,SP,TEMPERED / HUMID,0,0,0
7/11/2008,1031,7,6,251.22,0.78994507,SP,TEMPERED / HUMID,1,0,0
7/12/2008,1031,7,7,382.82,0.69008934,SP,TEMPERED / HUMID,1,0,0
7/13/2008,1031,7,1,110.59,1.09015282,SP,TEMPERED / HUMID,0,0,0
7/14/2008,1031,7,2,104.69,1.08969338,SP,TEMPERED / HUMID,0,0,0
7/15/2008,1031,7,3,85.82,1.195409,SP,TEMPERED / HUMID,0,0,0
7/16/2008,1031,7,4,719.6,0.83078099,SP,TEMPERED / HUMID,1,0,0
7/17/2008,1031,7,5,65.37,1.2900413,SP,TEMPERED / HUMID,0,0,0
7/18/2008,1031,7,6,66.62,1.25022516,SP,TEMPERED / HUMID,0,0,0
7/19/2008,1031,7,7,132.17,1.29023228,SP,TEMPERED / HUMID,0,0,0
7/20/2008,1031,7,1,111.02,1.28508377,SP,TEMPERED / HUMID,0,0,0
7/21/2008,1031,7,2,82.88,1.28945463,SP,TEMPERED / HUMID,0,0,0
7/22/2008,1031,7,3,82.21,1.16178081,SP,TEMPERED / HUMID,0,0,0
7/23/2008,1031,7,4,261.59,1.20126916,SP,TEMPERED / HUMID,0,0,0
7/24/2008,1031,7,5,133.41,1.2721685,SP,TEMPERED / HUMID,0,0,0
7/25/2008,1031,7,6,106.2,1.24971751,SP,TEMPERED / HUMID,0,0,0
7/26/2008,1031,7,7,227.75,1.28008782,SP,TEMPERED / HUMID,0,0,0
7/27/2008,1031,7,1,131.73,1.23950505,SP,TEMPERED / HUMID,0,0,0
7/28/2008,1031,7,2,105.84,1.2797619,SP,TEMPERED / HUMID,0,0,0
7/29/2008,1031,7,3,77.7,1.33359073,SP,TEMPERED / HUMID,0,0,0
7/30/2008,1031,7,4,711.61,0.67608662,SP,TEMPERED / HUMID,1,0,0
7/31/2008,1031,7,5,66.57,1.29022082,SP,TEMPERED / HUMID,0,0,0
8/07/2008,1031,8,5,99.49,1.31359936,SP,TEMPERED / HUMID,0,0,0
8/08/2008,1031,8,6,87.7,1.18996579,SP,TEMPERED / HUMID,0,0,0
8/09/2008,1031,8,7,125.63,0.98997055,SP,TEMPERED / HUMID,0,0,0
8/10/2008,1031,8,1,243.92,0.88779108,SP,TEMPERED / HUMID,0,0,0
8/11/2008,1031,8,2,503.3,0.78837671,SP,TEMPERED / HUMID,1,0,0
8/12/2008,1031,8,3,209.39,0.78996132,SP,TEMPERED / HUMID,1,0,0
8/13/2008,1031,8,4,216.24,1.2240566,SP,TEMPERED / HUMID,0,0,0
8/14/2008,1031,8,5,125.59,1.18982403,SP,TEMPERED / HUMID,0,0,0
8/15/2008,1031,8,6,93.11,1.19041993,SP,TEMPERED / HUMID,0,0,0
8/16/2008,1031,8,7,163.77,1.19002259,SP,TEMPERED / HUMID,0,0,0
8/17/2008,1031,8,1,101.87,1.17600864,SP,TEMPERED / HUMID,0,0,0
8/18/2008,1031,8,2,107.57,1.19048062,SP,TEMPERED / HUMID,0,0,0
8/19/2008,1031,8,3,112.52,1.33611802,SP,TEMPERED / HUMID,0,0,0
8/20/2008,1031,8,4,269.21,1.3104268,SP,TEMPERED / HUMID,0,0,0
8/21/2008,1031,8,5,93.39,1.39019167,SP,TEMPERED / HUMID,0,0,0
8/22/2008,1031,8,6,121.68,1.37836949,SP,TEMPERED / HUMID,0,0,0
8/23/2008,1031,8,7,248.31,1.39035883,SP,TEMPERED / HUMID,0,0,0
8/24/2008,1031,8,1,89.06,1.39007411,SP,TEMPERED / HUMID,0,0,0
8/25/2008,1031,8,2,75.14,1.39047112,SP,TEMPERED / HUMID,0,0,0
8/26/2008,1031,8,3,31.62,1.15781151,SP,TEMPERED / HUMID,0,0,0
8/27/2008,1031,8,4,1204.13,0.66970344,SP,TEMPERED / HUMID,1,0,0
8/28/2008,1031,8,5,129.42,0.74972956,SP,TEMPERED / HUMID,1,0,0
8/29/2008,1031,8,6,53.17,1.07447809,SP,TEMPERED / HUMID,0,0,0
8/30/2008,1031,8,7,114.79,1.38975521,SP,TEMPERED / HUMID,0,0,0
8/31/2008,1031,8,1,76.13,1.39038487,SP,TEMPERED / HUMID,0,0,0
9/07/2008,1031,9,1,477.83,0.55779252,SP,TEMPERED / HUMID,0,0,0
9/08/2008,1031,9,2,127.31,1.19008719,SP,TEMPERED / HUMID,0,0,0
9/09/2008,1031,9,3,104.46,1.16188015,SP,TEMPERED / HUMID,0,0,0
9/10/2008,1031,9,4,136.68,1.18195786,SP,TEMPERED / HUMID,0,0,0
9/11/2008,1031,9,5,281,0.79010676,SP,TEMPERED / HUMID,1,0,0
9/12/2008,1031,9,6,132.46,1.18971765,SP,TEMPERED / HUMID,0,0,0
9/13/2008,1031,9,7,172.26,1.13671195,SP,TEMPERED / HUMID,0,0,0
9/14/2008,1031,9,1,78.16,1.18999488,SP,TEMPERED / HUMID,0,0,0
9/15/2008,1031,9,2,59.31,1.19035576,SP,TEMPERED / HUMID,0,0,0
9/16/2008,1031,9,3,70.94,1.29024528,SP,TEMPERED / HUMID,0,0,0
9/17/2008,1031,9,4,2156.17,0.480041,SP,TEMPERED / HUMID,1,0,0
9/18/2008,1031,9,5,137.11,0.75020057,SP,TEMPERED / HUMID,1,0,0
9/19/2008,1031,9,6,169.58,0.99021111,SP,TEMPERED / HUMID,0,0,0
9/20/2008,1031,9,7,201.83,1.28994699,SP,TEMPERED / HUMID,0,0,0
9/21/2008,1031,9,1,181.74,1.27792451,SP,TEMPERED / HUMID,0,0,0
9/22/2008,1031,9,2,127.55,1.28984712,SP,TEMPERED / HUMID,0,0,0
9/23/2008,1031,9,3,142.52,1.14615493,SP,TEMPERED / HUMID,0,0,0
9/24/2008,1031,9,4,1965.34,0.48000346,SP,TEMPERED / HUMID,1,0,0
9/25/2008,1031,9,5,215.1,0.78912134,SP,TEMPERED / HUMID,1,0,0
9/26/2008,1031,9,6,114.43,1.08983658,SP,TEMPERED / HUMID,0,0,0
9/27/2008,1031,9,7,141.66,1.16158407,SP,TEMPERED / HUMID,0,0,0
9/28/2008,1031,9,1,96,1.1796875,SP,TEMPERED / HUMID,0,0,0
9/29/2008,1031,9,2,88.03,1.18027945,SP,TEMPERED / HUMID,0,0,0
9/30/2008,1031,9,3,74.71,1.17976175,SP,TEMPERED / HUMID,0,0,0
10/07/2008,1031,10,3,74.75,1.29565217,SP,TEMPERED / HUMID,0,0,0
10/08/2008,1031,10,4,109.04,1.18983859,SP,TEMPERED / HUMID,0,0,0
10/09/2008,1031,10,5,163.95,1.22720342,SP,TEMPERED / HUMID,0,0,0
10/10/2008,1031,10,6,92.29,1.19016145,SP,TEMPERED / HUMID,0,0,0
10/11/2008,1031,10,7,91.75,1.18997275,SP,TEMPERED / HUMID,0,0,0
10/12/2008,1031,10,1,988.84,0.84999595,SP,TEMPERED / HUMID,1,0,0
10/13/2008,1031,10,2,105.51,1.18983983,SP,TEMPERED / HUMID,0,0,0
10/14/2008,1031,10,3,107.73,1.18230762,SP,TEMPERED / HUMID,0,0,0
10/15/2008,1031,10,4,924.15,0.74615593,SP,TEMPERED / HUMID,1,0,0
10/16/2008,1031,10,5,102.15,1.19001468,SP,TEMPERED / HUMID,0,0,0
10/17/2008,1031,10,6,64.84,1.08960518,SP,TEMPERED / HUMID,0,0,0
10/18/2008,1031,10,7,141.22,1.08256621,SP,TEMPERED / HUMID,0,0,0
10/19/2008,1031,10,1,159.75,1.09020344,SP,TEMPERED / HUMID,0,0,0
10/20/2008,1031,10,2,94.98,1.09001895,SP,TEMPERED / HUMID,0,0,0
10/21/2008,1031,10,3,87.11,1.24956951,SP,TEMPERED / HUMID,0,0,0
10/22/2008,1031,10,4,918.79,0.74954016,SP,TEMPERED / HUMID,1,0,0
10/23/2008,1031,10,5,101.89,1.17528707,SP,TEMPERED / HUMID,0,0,0
10/24/2008,1031,10,6,80.11,1.18973911,SP,TEMPERED / HUMID,0,0,0
10/25/2008,1031,10,7,248.94,1.18767575,SP,TEMPERED / HUMID,0,0,0
10/26/2008,1031,10,1,221.78,1.19014339,SP,TEMPERED / HUMID,0,0,0
10/27/2008,1031,10,2,163.04,1.18633464,SP,TEMPERED / HUMID,0,0,0
10/28/2008,1031,10,3,63.49,1.09025043,SP,TEMPERED / HUMID,0,0,0
10/29/2008,1031,10,4,836.42,0.86815236,SP,TEMPERED / HUMID,1,0,0
10/30/2008,1031,10,5,132.56,1.0844146,SP,TEMPERED / HUMID,0,0,0
10/31/2008,1031,10,6,89.7,1.19007804,SP,TEMPERED / HUMID,0,0,0
11/07/2008,1031,11,6,87.8,1.08507973,SP,TEMPERED / HUMID,0,0,0
11/08/2008,1031,11,7,115.78,1.18967006,SP,TEMPERED / HUMID,0,0,0
11/09/2008,1031,11,1,35.36,1.19004525,SP,TEMPERED / HUMID,0,0,0
11/10/2008,1031,11,2,169.61,1.19020105,SP,TEMPERED / HUMID,0,0,0
11/11/2008,1031,11,3,71.11,1.2797075,SP,TEMPERED / HUMID,0,0,0
11/12/2008,1031,11,4,167.33,1.14988346,SP,TEMPERED / HUMID,0,0,0
11/13/2008,1031,11,5,125.5,1.22812749,SP,TEMPERED / HUMID,0,0,0
11/14/2008,1031,11,6,81.42,1.2247605,SP,TEMPERED / HUMID,0,0,0
11/15/2008,1031,11,7,165.99,1.27971565,SP,TEMPERED / HUMID,0,0,0
11/16/2008,1031,11,1,142.89,1.2800056,SP,TEMPERED / HUMID,0,0,0
11/17/2008,1031,11,2,93.97,1.28008939,SP,TEMPERED / HUMID,0,0,0
11/18/2008,1031,11,3,64.04,1.15334166,SP,TEMPERED / HUMID,0,0,0
11/19/2008,1031,11,4,1658,0.58996984,SP,TEMPERED / HUMID,1,0,0
11/20/2008,1031,11,5,228.1,1.2789566,SP,TEMPERED / HUMID,0,0,0
11/21/2008,1031,11,6,133.56,1.28998203,SP,TEMPERED / HUMID,0,0,0
11/22/2008,1031,11,7,325.23,0.79008702,SP,TEMPERED / HUMID,1,0,0
11/23/2008,1031,11,1,220.42,0.78981036,SP,TEMPERED / HUMID,0,0,0
11/24/2008,1031,11,2,206.01,0.78981603,SP,TEMPERED / HUMID,1,0,0
11/25/2008,1031,11,3,103.67,1.21250121,SP,TEMPERED / HUMID,0,0,0
11/26/2008,1031,11,4,606.33,0.86101628,SP,TEMPERED / HUMID,1,0,0
11/27/2008,1031,11,5,184.75,0.86652233,SP,TEMPERED / HUMID,1,0,0
11/28/2008,1031,11,6,251.53,0.82590546,SP,TEMPERED / HUMID,1,0,0
11/29/2008,1031,11,7,301.36,0.78985267,SP,TEMPERED / HUMID,1,0,0
11/30/2008,1031,11,1,249.75,0.78922923,SP,TEMPERED / HUMID,1,0,0
12/07/2008,1031,12,1,135.94,1.0883478,SP,TEMPERED / HUMID,0,0,0
12/08/2008,1031,12,2,100.03,1.21163651,SP,TEMPERED / HUMID,0,0,0
12/09/2008,1031,12,3,58.59,0.97986004,SP,TEMPERED / HUMID,0,0,0
12/10/2008,1031,12,4,160.55,1.15963874,SP,TEMPERED / HUMID,0,0,0
12/11/2008,1031,12,5,1013.48,0.86791057,SP,TEMPERED / HUMID,1,0,0
12/12/2008,1031,12,6,123.62,0.69026048,SP,TEMPERED / HUMID,1,0,0
12/13/2008,1031,12,7,53.2,1.15,SP,TEMPERED / HUMID,0,0,0
12/14/2008,1031,12,1,62.96,1.15025413,SP,TEMPERED / HUMID,0,0,0
12/15/2008,1031,12,2,42.61,1.1499648,SP,TEMPERED / HUMID,0,0,0
12/16/2008,1031,12,3,94.01,1.27614084,SP,TEMPERED / HUMID,0,0,0
12/17/2008,1031,12,4,549.16,0.8683808,SP,TEMPERED / HUMID,1,0,0
12/18/2008,1031,12,5,123.09,1.29011293,SP,TEMPERED / HUMID,0,0,0
12/19/2008,1031,12,6,102.68,1.28992988,SP,TEMPERED / HUMID,0,0,0
12/20/2008,1031,12,7,114.95,1.38851675,SP,TEMPERED / HUMID,0,0,0
12/21/2008,1031,12,1,168.48,0.78988604,SP,TEMPERED / HUMID,1,0,0
12/22/2008,1031,12,2,167.17,0.79033319,SP,TEMPERED / HUMID,1,0,0
12/23/2008,1031,12,3,214.7,1.28416395,SP,TEMPERED / HUMID,0,0,0
12/24/2008,1031,12,4,97.94,1.28956504,SP,TEMPERED / HUMID,0,0,0
12/26/2008,1031,12,6,110.5,1.28968326,SP,TEMPERED / HUMID,0,0,0
12/27/2008,1031,12,7,172.79,1.25018809,SP,TEMPERED / HUMID,0,0,0
12/28/2008,1031,12,1,113.41,1.29045058,SP,TEMPERED / HUMID,0,0,0
12/29/2008,1031,12,2,156.4,0.96732737,SP,TEMPERED / HUMID,0,0,0
12/30/2008,1031,12,3,269.18,0.88539267,SP,TEMPERED / HUMID,1,0,0
12/31/2008,1031,12,4,154.07,0.88894658,SP,TEMPERED / HUMID,1,0,0
1/02/2009,1031,1,6,294.61,1.18997997,SP,TEMPERED / HUMID,0,0,0
1/03/2009,1031,1,7,92.23,1.23300445,SP,TEMPERED / HUMID,0,0,0
1/04/2009,1031,1,1,445.13,1.00927819,SP,TEMPERED / HUMID,1,0,0
1/05/2009,1031,1,2,295.19,1.29580948,SP,TEMPERED / HUMID,0,0,0
1/06/2009,1031,1,3,216.44,1.37386805,SP,TEMPERED / HUMID,0,0,0
1/07/2009,1031,1,4,1008.32,0.73289234,SP,TEMPERED / HUMID,1,0,0
1/08/2009,1031,1,5,65.47,0.98029632,SP,TEMPERED / HUMID,0,0,0
1/13/2009,1031,1,3,152.55,1.19010161,SP,TEMPERED / HUMID,0,0,0
1/14/2009,1031,1,4,709.25,0.84885442,SP,TEMPERED / HUMID,1,0,0
1/15/2009,1031,1,5,147.13,1.17399579,SP,TEMPERED / HUMID,0,0,0
1/16/2009,1031,1,6,126.66,1.18166746,SP,TEMPERED / HUMID,0,0,0
1/17/2009,1031,1,7,322.98,1.18991888,SP,TEMPERED / HUMID,0,0,0
1/18/2009,1031,1,1,217.25,1.18789413,SP,TEMPERED / HUMID,0,0,0
1/19/2009,1031,1,2,153.14,1.1661225,SP,TEMPERED / HUMID,0,0,0
1/20/2009,1031,1,3,123.93,1.18510449,SP,TEMPERED / HUMID,0,0,0
1/21/2009,1031,1,4,774.98,0.78758162,SP,TEMPERED / HUMID,1,0,0
1/22/2009,1031,1,5,105.95,1.1827277,SP,TEMPERED / HUMID,0,0,0
1/23/2009,1031,1,6,167.63,1.19006144,SP,TEMPERED / HUMID,0,0,0
1/24/2009,1031,1,7,272.65,1.18936365,SP,TEMPERED / HUMID,0,0,0
1/25/2009,1031,1,1,207.69,1.18826135,SP,TEMPERED / HUMID,0,0,0
1/26/2009,1031,1,2,151.02,1.19010727,SP,TEMPERED / HUMID,0,0,1
1/27/2009,1031,1,3,156.25,1.160512,SP,TEMPERED / HUMID,0,0,1
1/28/2009,1031,1,4,891.01,0.72412206,SP,TEMPERED / HUMID,1,0,1
1/29/2009,1031,1,5,147.75,0.97624365,SP,TEMPERED / HUMID,0,0,1
1/30/2009,1031,1,6,103.65,1.18996623,SP,TEMPERED / HUMID,0,0,1
1/31/2009,1031,1,7,103.47,1.19010341,SP,TEMPERED / HUMID,0,0,1
2/01/2009,1031,2,1,211.25,0.97983432,SP,TEMPERED / HUMID,0,0,1
2/02/2009,1031,2,2,127.37,1.18960509,SP,TEMPERED / HUMID,0,0,1
2/03/2009,1031,2,3,24.75,1.25090909,SP,TEMPERED / HUMID,0,0,1
2/04/2009,1031,2,4,106.91,1.24356936,SP,TEMPERED / HUMID,0,0,1
2/05/2009,1031,2,5,242.24,1.38028402,SP,TEMPERED / HUMID,0,0,1
2/06/2009,1031,2,6,195.97,1.36235138,SP,TEMPERED / HUMID,0,0,1
2/07/2009,1031,2,7,144.38,1.17578612,SP,TEMPERED / HUMID,0,0,1
2/08/2009,1031,2,1,207.56,0.97986124,SP,TEMPERED / HUMID,0,0,1
2/13/2009,1031,2,6,197.61,1.10262639,SP,TEMPERED / HUMID,0,0,1
2/14/2009,1031,2,7,139.37,1.24940805,SP,TEMPERED / HUMID,0,0,1
2/15/2009,1031,2,1,124.08,1.24234365,SP,TEMPERED / HUMID,0,0,1
2/16/2009,1031,2,2,127.73,1.24246457,SP,TEMPERED / HUMID,0,0,1
2/17/2009,1031,2,3,116.17,0.87019024,SP,TEMPERED / HUMID,1,0,1
2/18/2009,1031,2,4,609.3,0.8614968,SP,TEMPERED / HUMID,1,0,1
2/19/2009,1031,2,5,98.35,0.87839349,SP,TEMPERED / HUMID,1,0,1
2/20/2009,1031,2,6,85.74,0.88978307,SP,TEMPERED / HUMID,1,0,1
2/21/2009,1031,2,7,137.79,0.89005008,SP,TEMPERED / HUMID,1,0,1
2/22/2009,1031,2,1,61.29,0.88986784,SP,TEMPERED / HUMID,1,0,1
2/23/2009,1031,2,2,19.25,1.25038961,SP,TEMPERED / HUMID,0,0,1
2/24/2009,1031,2,3,104,1.24990385,SP,TEMPERED / HUMID,0,0,1
2/25/2009,1031,2,4,951.59,0.84429218,SP,TEMPERED / HUMID,1,0,1
2/26/2009,1031,2,5,198.18,0.89756787,SP,TEMPERED / HUMID,1,0,1
2/27/2009,1031,2,6,120.69,1.20473942,SP,TEMPERED / HUMID,0,0,1
2/28/2009,1031,2,7,149.58,1.24996657,SP,TEMPERED / HUMID,0,0,1
3/01/2009,1031,3,1,154.21,1.18980611,SP,TEMPERED / HUMID,0,0,1
3/02/2009,1031,3,2,147.38,1.15585561,SP,TEMPERED / HUMID,0,0,1
3/03/2009,1031,3,3,372.32,1.24059948,SP,TEMPERED / HUMID,0,0,1
3/04/2009,1031,3,4,113.16,1.36815129,SP,TEMPERED / HUMID,1,0,1
3/05/2009,1031,3,5,234.13,1.38038696,SP,TEMPERED / HUMID,0,0,1
3/06/2009,1031,3,6,528,0.92142045,SP,TEMPERED / HUMID,1,0,1
3/07/2009,1031,3,7,143.22,0.89414886,SP,TEMPERED / HUMID,1,0,1
3/08/2009,1031,3,1,95.64,0.98002928,SP,TEMPERED / HUMID,0,0,1
3/13/2009,1031,3,6,108.41,0.99031455,SP,TEMPERED / HUMID,0,0,1
3/14/2009,1031,3,7,264.31,1.24989596,SP,TEMPERED / HUMID,0,0,1
3/15/2009,1031,3,1,121.38,1.24625144,SP,TEMPERED / HUMID,0,0,1
3/16/2009,1031,3,2,15.35,1.25081433,SP,TEMPERED / HUMID,0,0,1
3/17/2009,1031,3,3,21.65,1.24942263,SP,TEMPERED / HUMID,0,0,1
3/18/2009,1031,3,4,401.46,1.23210282,SP,TEMPERED / HUMID,1,0,1
3/19/2009,1031,3,5,84.97,1.17323761,SP,TEMPERED / HUMID,0,0,1
3/20/2009,1031,3,6,138.28,1.24992768,SP,TEMPERED / HUMID,0,0,1
3/21/2009,1031,3,7,115.43,1.25036819,SP,TEMPERED / HUMID,0,0,1
3/22/2009,1031,3,1,329.35,1.24563534,SP,TEMPERED / HUMID,0,0,1
3/23/2009,1031,3,2,142.2,1.24992968,SP,TEMPERED / HUMID,0,0,1
3/24/2009,1031,3,3,103.02,1.32809163,SP,TEMPERED / HUMID,0,0,1
3/25/2009,1031,3,4,341.92,1.33089612,SP,TEMPERED / HUMID,0,0,1
3/26/2009,1031,3,5,135.91,1.38451917,SP,TEMPERED / HUMID,0,0,1
3/27/2009,1031,3,6,131.85,1.24975351,SP,TEMPERED / HUMID,0,0,1
3/28/2009,1031,3,7,252.07,1.24973222,SP,TEMPERED / HUMID,0,0,1
3/29/2009,1031,3,1,143.48,1.24135768,SP,TEMPERED / HUMID,0,0,1
3/30/2009,1031,3,2,153.45,1.24985337,SP,TEMPERED / HUMID,0,0,1
3/31/2009,1031,3,3,126.42,1.24829932,SP,TEMPERED / HUMID,0,0,1
4/01/2009,1031,4,4,179.62,1.18984523,SP,TEMPERED / HUMID,0,0,1
4/02/2009,1031,4,5,622.28,1.12201903,SP,TEMPERED / HUMID,0,0,1
4/03/2009,1031,4,6,2457.3,0.64998169,SP,TEMPERED / HUMID,1,0,1
4/04/2009,1031,4,7,148.94,1.25003357,SP,TEMPERED / HUMID,1,0,1
4/05/2009,1031,4,1,181.02,1.38984643,SP,TEMPERED / HUMID,0,0,1
4/06/2009,1031,4,2,144.74,1.13244438,SP,TEMPERED / HUMID,0,0,1
4/07/2009,1031,4,3,240.02,0.9460045,SP,TEMPERED / HUMID,1,0,1
4/08/2009,1031,4,4,30.38,1.19025675,SP,TEMPERED / HUMID,0,0,1
4/13/2009,1031,4,2,95.47,1.29024825,SP,TEMPERED / HUMID,0,0,1
4/14/2009,1031,4,3,114.21,1.2329043,SP,TEMPERED / HUMID,0,0,1
4/15/2009,1031,4,4,603.5,0.96856669,SP,TEMPERED / HUMID,1,0,1
4/16/2009,1031,4,5,196.77,0.98998831,SP,TEMPERED / HUMID,0,0,1
4/17/2009,1031,4,6,208.14,1.27543961,SP,TEMPERED / HUMID,0,0,1
4/18/2009,1031,4,7,336.92,1.24827852,SP,TEMPERED / HUMID,0,0,1
4/19/2009,1031,4,1,265.08,1.25003772,SP,TEMPERED / HUMID,0,0,1
4/20/2009,1031,4,2,220.95,1.25019235,SP,TEMPERED / HUMID,0,0,1
4/21/2009,1031,4,3,170.02,1.23079638,SP,TEMPERED / HUMID,0,0,1
4/22/2009,1031,4,4,1041.45,0.93730856,SP,TEMPERED / HUMID,1,0,1
4/23/2009,1031,4,5,99.1,1.12532795,SP,TEMPERED / HUMID,0,0,1
4/24/2009,1031,4,6,122.48,1.24583605,SP,TEMPERED / HUMID,0,0,1
4/25/2009,1031,4,7,119.5,1.24552301,SP,TEMPERED / HUMID,0,0,1
4/26/2009,1031,4,1,260.88,1.24942502,SP,TEMPERED / HUMID,0,0,1
4/27/2009,1031,4,2,136.29,1.25020178,SP,TEMPERED / HUMID,0,0,1
4/28/2009,1031,4,3,196.79,1.24172976,SP,TEMPERED / HUMID,0,0,1
4/29/2009,1031,4,4,910.7,0.94416383,SP,TEMPERED / HUMID,1,0,1
4/30/2009,1031,4,5,181.71,1.29585603,SP,TEMPERED / HUMID,0,0,1
5/01/2009,1031,5,6,207.7,1.1900337,SP,TEMPERED / HUMID,0,0,1
5/02/2009,1031,5,7,170,1.14970588,SP,TEMPERED / HUMID,0,0,1
5/03/2009,1031,5,1,254.61,1.25006873,SP,TEMPERED / HUMID,0,0,1
5/04/2009,1031,5,2,163.04,1.250184,SP,TEMPERED / HUMID,1,0,1
5/05/2009,1031,5,3,235.22,1.15122013,SP,TEMPERED / HUMID,0,0,1
5/06/2009,1031,5,4,138.27,0.98900702,SP,TEMPERED / HUMID,1,0,1
5/07/2009,1031,5,5,209.4,0.94990449,SP,TEMPERED / HUMID,1,0,1
5/08/2009,1031,5,6,549.81,0.74905877,SP,TEMPERED / HUMID,1,0,1
5/13/2009,1031,5,4,920.82,0.88142091,SP,TEMPERED / HUMID,1,0,1
5/14/2009,1031,5,5,235.76,1.36931625,SP,TEMPERED / HUMID,0,0,1
5/15/2009,1031,5,6,125.12,1.38019501,SP,TEMPERED / HUMID,0,0,1
5/16/2009,1031,5,7,424.72,0.98742701,SP,TEMPERED / HUMID,1,0,1
5/17/2009,1031,5,1,427.67,0.99006243,SP,TEMPERED / HUMID,1,0,1
5/18/2009,1031,5,2,188.92,1.37465594,SP,TEMPERED / HUMID,0,0,1
5/19/2009,1031,5,3,169.27,1.31482247,SP,TEMPERED / HUMID,0,0,1
5/20/2009,1031,5,4,1196.54,0.75039698,SP,TEMPERED / HUMID,1,0,1
5/21/2009,1031,5,5,157.75,1.36424723,SP,TEMPERED / HUMID,0,0,1
5/22/2009,1031,5,6,264,0.96708333,SP,TEMPERED / HUMID,1,0,1
5/23/2009,1031,5,7,590.93,0.85812194,SP,TEMPERED / HUMID,1,0,1
5/24/2009,1031,5,1,461.82,0.85977221,SP,TEMPERED / HUMID,1,0,1
5/25/2009,1031,5,2,282.35,0.86017354,SP,TEMPERED / HUMID,1,0,1
5/26/2009,1031,5,3,150.82,1.36712638,SP,TEMPERED / HUMID,0,0,1
5/27/2009,1031,5,4,483.8,0.89782968,SP,TEMPERED / HUMID,1,0,1
5/28/2009,1031,5,5,128.94,1.32472468,SP,TEMPERED / HUMID,0,0,1
5/29/2009,1031,5,6,115.89,1.37388903,SP,TEMPERED / HUMID,0,0,1
5/30/2009,1031,5,7,312.57,1.33854817,SP,TEMPERED / HUMID,0,0,1
5/31/2009,1031,5,1,236.13,1.30678016,SP,TEMPERED / HUMID,0,0,1
6/01/2009,1031,6,2,261.37,1.19019015,SP,TEMPERED / HUMID,0,0,1
6/02/2009,1031,6,3,146.19,1.14987345,SP,TEMPERED / HUMID,0,0,1
6/03/2009,1031,6,4,61.79,1.25036414,SP,TEMPERED / HUMID,0,0,1
6/04/2009,1031,6,5,190.96,1.25,SP,TEMPERED / HUMID,0,0,1
6/05/2009,1031,6,6,892.24,0.93864879,SP,TEMPERED / HUMID,1,0,1
6/06/2009,1031,6,7,132.77,0.96550426,SP,TEMPERED / HUMID,1,0,1
6/07/2009,1031,6,1,120.57,1.19026292,SP,TEMPERED / HUMID,0,0,1
6/08/2009,1031,6,2,49.01,1.096919,SP,TEMPERED / HUMID,0,0,1
6/13/2009,1031,6,7,124.28,1.3649823,SP,TEMPERED / HUMID,0,0,1
6/15/2009,1031,6,2,112.44,1.39016364,SP,TEMPERED / HUMID,0,0,1
6/16/2009,1031,6,3,119.92,1.29002668,SP,TEMPERED / HUMID,0,0,1
6/18/2009,1031,6,5,152.34,1.15012472,SP,TEMPERED / HUMID,0,0,1
6/19/2009,1031,6,6,187.58,1.17166009,SP,TEMPERED / HUMID,0,0,1
6/20/2009,1031,6,7,243.16,0.8834101,SP,TEMPERED / HUMID,1,0,1
6/21/2009,1031,6,1,291.16,0.87079269,SP,TEMPERED / HUMID,1,0,1
6/22/2009,1031,6,2,100.98,1.39047336,SP,TEMPERED / HUMID,0,0,1
6/23/2009,1031,6,3,110.07,1.24066503,SP,TEMPERED / HUMID,0,0,1
6/24/2009,1031,6,4,297.65,0.89964724,SP,TEMPERED / HUMID,1,0,1
6/25/2009,1031,6,5,258.24,1.02466698,SP,TEMPERED / HUMID,0,0,1
6/27/2009,1031,6,7,152.5,0.98531148,SP,TEMPERED / HUMID,1,0,1
6/28/2009,1031,6,1,163.95,0.99030192,SP,TEMPERED / HUMID,1,0,1
6/30/2009,1031,6,3,176.13,1.16572986,SP,TEMPERED / HUMID,0,1,1
7/01/2009,1031,7,4,807.71,0.8793255,SP,TEMPERED / HUMID,1,1,1
7/02/2009,1031,7,5,157.92,1.15013931,SP,TEMPERED / HUMID,0,1,1
7/03/2009,1031,7,6,123.74,1.22741232,SP,TEMPERED / HUMID,0,1,1
7/04/2009,1031,7,7,187.62,1.17636713,SP,TEMPERED / HUMID,0,1,1
7/05/2009,1031,7,1,286.59,0.93980948,SP,TEMPERED / HUMID,1,1,1
7/06/2009,1031,7,2,226.99,0.99008767,SP,TEMPERED / HUMID,1,1,1
7/07/2009,1031,7,3,178.7,1.03760492,SP,TEMPERED / HUMID,0,1,1
7/08/2009,1031,7,4,30.64,1.19060052,SP,TEMPERED / HUMID,0,1,1
7/13/2009,1031,7,2,146.97,1.19051507,SP,TEMPERED / HUMID,0,1,1
7/14/2009,1031,7,3,100.06,1.16979812,SP,TEMPERED / HUMID,0,1,1
7/15/2009,1031,7,4,398.31,0.71976601,SP,TEMPERED / HUMID,1,1,1
7/17/2009,1031,7,6,27.29,1.18981312,SP,TEMPERED / HUMID,0,1,1
7/18/2009,1031,7,7,78.88,1.18623225,SP,TEMPERED / HUMID,0,1,1
7/19/2009,1031,7,1,51.24,1.18989071,SP,TEMPERED / HUMID,0,1,1
7/20/2009,1031,7,2,35.5,1.18985915,SP,TEMPERED / HUMID,0,1,1
7/21/2009,1031,7,3,65.69,1.0752017,SP,TEMPERED / HUMID,0,1,1
7/22/2009,1031,7,4,441.94,0.76320315,SP,TEMPERED / HUMID,1,1,1
7/23/2009,1031,7,5,22.91,0.85901353,SP,TEMPERED / HUMID,0,1,1
7/24/2009,1031,7,6,53.53,0.76573884,SP,TEMPERED / HUMID,1,1,1
7/25/2009,1031,7,7,35.58,0.78105677,SP,TEMPERED / HUMID,1,1,1
7/26/2009,1031,7,1,83.72,0.75716675,SP,TEMPERED / HUMID,1,1,1
7/27/2009,1031,7,2,52.24,0.78043645,SP,TEMPERED / HUMID,0,1,1
7/28/2009,1031,7,3,46.81,1.04614399,SP,TEMPERED / HUMID,0,1,1
7/29/2009,1031,7,4,825.98,0.7385651,SP,TEMPERED / HUMID,1,1,1
7/30/2009,1031,7,5,20.13,1.18926975,SP,TEMPERED / HUMID,0,1,1
7/31/2009,1031,7,6,40.59,0.98004435,SP,TEMPERED / HUMID,0,1,1
8/01/2009,1031,8,7,280.23,1.19020091,SP,TEMPERED / HUMID,0,1,1
8/02/2009,1031,8,1,233.38,1.1502271,SP,TEMPERED / HUMID,0,1,1
8/03/2009,1031,8,2,156.77,1.24673088,SP,TEMPERED / HUMID,0,1,1
8/04/2009,1031,8,3,1053.67,0.95000332,SP,TEMPERED / HUMID,1,1,1
8/05/2009,1031,8,4,299.96,0.97866382,SP,TEMPERED / HUMID,1,1,1
8/06/2009,1031,8,5,92.7,1.34994606,SP,TEMPERED / HUMID,0,1,1
8/07/2009,1031,8,6,706.12,0.7592194,SP,TEMPERED / HUMID,1,1,1
8/08/2009,1031,8,7,119.44,1.09351976,SP,TEMPERED / HUMID,0,1,1
8/13/2009,1031,8,5,27.63,0.94969236,SP,TEMPERED / HUMID,1,1,1
8/14/2009,1031,8,6,12.42,1.15700483,SP,TEMPERED / HUMID,0,1,1
8/15/2009,1031,8,7,85.87,1.30161873,SP,TEMPERED / HUMID,0,1,1
8/16/2009,1031,8,1,83.83,1.3503519,SP,TEMPERED / HUMID,0,1,1
8/17/2009,1031,8,2,62.67,1.35056646,SP,TEMPERED / HUMID,0,1,1
8/18/2009,1031,8,3,65.25,1.33547893,SP,TEMPERED / HUMID,0,1,1
8/19/2009,1031,8,4,753.7,0.77784264,SP,TEMPERED / HUMID,1,1,1
8/20/2009,1031,8,5,98.17,1.12743201,SP,TEMPERED / HUMID,0,1,1
8/21/2009,1031,8,6,71.99,1.33587998,SP,TEMPERED / HUMID,0,1,1
8/23/2009,1031,8,1,95.41,1.34964888,SP,TEMPERED / HUMID,0,1,1
8/24/2009,1031,8,2,42.44,1.34967012,SP,TEMPERED / HUMID,0,1,1
8/25/2009,1031,8,3,52.36,1.35026738,SP,TEMPERED / HUMID,0,1,1
8/26/2009,1031,8,4,493.54,0.76842809,SP,TEMPERED / HUMID,1,1,1
8/27/2009,1031,8,5,52.14,1.35001918,SP,TEMPERED / HUMID,0,1,1
8/31/2009,1031,8,2,69.57,1.28963634,SP,TEMPERED / HUMID,0,1,1
9/01/2009,1031,9,3,187.23,1.18987342,SP,TEMPERED / HUMID,0,1,1
9/02/2009,1031,9,4,167.11,1.15020047,SP,TEMPERED / HUMID,0,1,1
9/03/2009,1031,9,5,183.82,1.24763355,SP,TEMPERED / HUMID,0,1,1
9/04/2009,1031,9,6,299.21,0.94084422,SP,TEMPERED / HUMID,1,1,1
9/05/2009,1031,9,7,364.28,0.97809377,SP,TEMPERED / HUMID,1,1,1
9/06/2009,1031,9,1,79.9,1.19036295,SP,TEMPERED / HUMID,0,1,1
9/07/2009,1031,9,2,182.71,1.17886268,SP,TEMPERED / HUMID,0,1,1
9/08/2009,1031,9,3,83.01,1.15540296,SP,TEMPERED / HUMID,0,1,1
10/01/2009,1031,10,5,377.52,1.18997669,SP,TEMPERED / HUMID,0,1,1
10/02/2009,1031,10,6,150.38,1.14995345,SP,TEMPERED / HUMID,0,1,1
10/03/2009,1031,10,7,88.25,1.23954674,SP,TEMPERED / HUMID,0,1,1
10/04/2009,1031,10,1,218.31,0.95025423,SP,TEMPERED / HUMID,1,1,1
10/05/2009,1031,10,2,222.78,0.9762546,SP,TEMPERED / HUMID,1,1,1
10/06/2009,1031,10,3,819.91,0.66997597,SP,TEMPERED / HUMID,1,1,1
10/07/2009,1031,10,4,104.8,1.18282443,SP,TEMPERED / HUMID,0,1,1
10/08/2009,1031,10,5,67.25,1.19018587,SP,TEMPERED / HUMID,0,1,1
11/01/2009,1031,11,1,189.47,1.19016203,SP,TEMPERED / HUMID,0,1,1
11/02/2009,1031,11,2,396.66,1.13946453,SP,TEMPERED / HUMID,0,1,1
11/03/2009,1031,11,3,456.47,1.21600543,SP,TEMPERED / HUMID,1,1,1
11/04/2009,1031,11,4,242.31,0.95010524,SP,TEMPERED / HUMID,1,1,1
11/05/2009,1031,11,5,161.09,1.37308337,SP,TEMPERED / HUMID,0,1,1
11/06/2009,1031,11,6,186.92,1.1501177,SP,TEMPERED / HUMID,0,1,1
11/07/2009,1031,11,7,134.76,1.19018997,SP,TEMPERED / HUMID,0,1,1
11/08/2009,1031,11,1,80.79,0.99343978,SP,TEMPERED / HUMID,0,1,1
12/01/2009,1031,12,3,131.33,1.19005559,SP,TEMPERED / HUMID,0,1,1
12/02/2009,1031,12,4,142.53,1.12951659,SP,TEMPERED / HUMID,0,1,1
12/03/2009,1031,12,5,125.61,1.2499801,SP,TEMPERED / HUMID,0,1,1
12/04/2009,1031,12,6,94.73,0.94299588,SP,TEMPERED / HUMID,1,1,1
12/05/2009,1031,12,7,191.07,1.37478411,SP,TEMPERED / HUMID,0,1,1
12/06/2009,1031,12,1,102.74,1.15028227,SP,TEMPERED / HUMID,0,1,1
12/07/2009,1031,12,2,111.89,1.19018679,SP,TEMPERED / HUMID,0,1,1
1/07/2008,1040,1,2,93.7,1.35026681,DF,SEMI-HUMID,0,0,0
1/08/2008,1040,1,3,107.33,1.49007733,DF,SEMI-HUMID,0,0,0
1/09/2008,1040,1,4,114.72,1.18017782,DF,SEMI-HUMID,0,0,0
1/10/2008,1040,1,5,2571.41,0.56996745,DF,SEMI-HUMID,0,0,0
1/11/2008,1040,1,6,96.15,1.250026,DF,SEMI-HUMID,0,0,0
1/12/2008,1040,1,7,85.96,1.25023267,DF,SEMI-HUMID,0,0,0
2/07/2008,1040,2,5,386.12,0.79270693,DF,SEMI-HUMID,0,0,0
2/08/2008,1040,2,6,193.86,1.07402249,DF,SEMI-HUMID,0,0,0
2/09/2008,1040,2,7,155.29,1.17998583,DF,SEMI-HUMID,0,0,0
2/10/2008,1040,2,1,86.01,0.88919893,DF,SEMI-HUMID,0,0,0
2/11/2008,1040,2,2,90.8,1.25,DF,SEMI-HUMID,0,0,0
2/12/2008,1040,2,3,66.24,1.35718599,DF,SEMI-HUMID,0,0,0
3/07/2008,1040,3,6,48.24,1.28731343,DF,SEMI-HUMID,0,0,0
3/08/2008,1040,3,7,132.72,1.07994274,DF,SEMI-HUMID,0,0,0
3/09/2008,1040,3,1,339.21,0.89802777,DF,SEMI-HUMID,0,0,0
3/10/2008,1040,3,2,460.31,0.81464665,DF,SEMI-HUMID,0,0,0
3/11/2008,1040,3,3,78.43,1.24977687,DF,SEMI-HUMID,0,0,0
3/12/2008,1040,3,4,2456.75,0.5497629,DF,SEMI-HUMID,1,0,0
4/07/2008,1040,4,2,72.85,1.24982841,DF,SEMI-HUMID,0,0,0
4/08/2008,1040,4,3,108.77,1.08007723,DF,SEMI-HUMID,0,0,0
4/09/2008,1040,4,4,149.7,1.02110888,DF,SEMI-HUMID,0,0,0
4/10/2008,1040,4,5,248.78,0.78997508,DF,SEMI-HUMID,0,0,0
4/11/2008,1040,4,6,300.5,1.25014975,DF,SEMI-HUMID,0,0,0
5/07/2008,1040,5,4,169.68,1.25011787,DF,SEMI-HUMID,0,0,0
5/08/2008,1040,5,5,170.48,1.25005866,DF,SEMI-HUMID,0,0,0
5/09/2008,1040,5,6,121.71,1.08019062,DF,SEMI-HUMID,0,0,0
5/10/2008,1040,5,7,393.78,0.79033978,DF,SEMI-HUMID,0,0,0
5/11/2008,1040,5,1,2085.71,0.5800279,DF,SEMI-HUMID,1,0,0
5/12/2008,1040,5,2,117.19,1.0498336,DF,SEMI-HUMID,0,0,0
6/07/2008,1040,6,7,59.92,1.25033378,DF,SEMI-HUMID,0,0,0
6/08/2008,1040,6,1,537.37,0.86850773,DF,SEMI-HUMID,1,0,0
6/09/2008,1040,6,2,118.42,1.37510556,DF,SEMI-HUMID,0,0,0
6/10/2008,1040,6,3,79.08,1.34989884,DF,SEMI-HUMID,0,0,0
6/11/2008,1040,6,4,115.23,1.2265903,DF,SEMI-HUMID,0,0,0
6/12/2008,1040,6,5,167.43,1.25001493,DF,SEMI-HUMID,0,0,0
7/07/2008,1040,7,2,79.48,1.25037745,DF,SEMI-HUMID,0,0,0
7/08/2008,1040,7,3,44.21,0.9502375,DF,SEMI-HUMID,0,0,0
7/09/2008,1040,7,4,95.12,1.29993692,DF,SEMI-HUMID,0,0,0
7/10/2008,1040,7,5,110.07,1.34995912,DF,SEMI-HUMID,0,0,0
7/11/2008,1040,7,6,134.34,1.29030817,DF,SEMI-HUMID,0,0,0
7/12/2008,1040,7,7,87.89,1.25008533,DF,SEMI-HUMID,0,0,0
7/13/2008,1040,7,1,49.24,0.9502437,DF,SEMI-HUMID,1,0,0
7/14/2008,1040,7,2,58.81,1.24995749,DF,SEMI-HUMID,0,0,0
7/15/2008,1040,7,3,51.93,1.11496245,DF,SEMI-HUMID,0,0,0
7/16/2008,1040,7,4,112.42,1.10291763,DF,SEMI-HUMID,0,0,0
7/17/2008,1040,7,5,62,1.17951613,DF,SEMI-HUMID,0,0,0
7/18/2008,1040,7,6,109.91,1.35019561,DF,SEMI-HUMID,0,0,0
7/19/2008,1040,7,7,136.47,1.34622994,DF,SEMI-HUMID,0,0,0
7/20/2008,1040,7,1,89.24,1.34984312,DF,SEMI-HUMID,0,0,0
7/21/2008,1040,7,2,44.82,1.35006693,DF,SEMI-HUMID,0,0,0
7/22/2008,1040,7,3,50.21,1.18980283,DF,SEMI-HUMID,0,0,0
7/23/2008,1040,7,4,257.48,0.81008234,DF,SEMI-HUMID,0,0,0
7/24/2008,1040,7,5,45.5,0.92307692,DF,SEMI-HUMID,0,0,0
7/25/2008,1040,7,6,70.63,1.2500354,DF,SEMI-HUMID,0,0,0
7/26/2008,1040,7,7,94.41,1.35038661,DF,SEMI-HUMID,0,0,0
7/27/2008,1040,7,1,45.96,1.32049608,DF,SEMI-HUMID,0,0,0
7/28/2008,1040,7,2,76.03,1.350388,DF,SEMI-HUMID,0,0,0
7/29/2008,1040,7,3,91.73,1.46942113,DF,SEMI-HUMID,0,0,0
7/30/2008,1040,7,4,457.05,0.97346023,DF,SEMI-HUMID,1,0,0
7/31/2008,1040,7,5,68.5,0.8979562,DF,SEMI-HUMID,0,0,0
8/07/2008,1040,8,5,115.85,1.28769961,DF,SEMI-HUMID,0,0,0
8/08/2008,1040,8,6,113.3,0.95004413,DF,SEMI-HUMID,1,0,0
8/09/2008,1040,8,7,76.87,1.39052947,DF,SEMI-HUMID,0,0,0
8/10/2008,1040,8,1,672.04,0.93153681,DF,SEMI-HUMID,0,0,0
8/11/2008,1040,8,2,398.6,1.3899147,DF,SEMI-HUMID,0,0,0
8/12/2008,1040,8,3,103.73,1.2500723,DF,SEMI-HUMID,0,0,0
8/13/2008,1040,8,4,1805.98,0.67012924,DF,SEMI-HUMID,1,0,0
8/14/2008,1040,8,5,282.06,0.94040275,DF,SEMI-HUMID,1,0,0
8/15/2008,1040,8,6,298.94,0.94995651,DF,SEMI-HUMID,1,0,0
8/16/2008,1040,8,7,230.78,0.950039,DF,SEMI-HUMID,1,0,0
8/17/2008,1040,8,1,235.68,0.94997454,DF,SEMI-HUMID,1,0,0
8/18/2008,1040,8,2,73.88,1.18976719,DF,SEMI-HUMID,0,0,0
8/19/2008,1040,8,3,142.68,1.28027754,DF,SEMI-HUMID,0,0,0
8/20/2008,1040,8,4,570.35,0.88598229,DF,SEMI-HUMID,1,0,0
8/21/2008,1040,8,5,190.89,0.91429619,DF,SEMI-HUMID,1,0,0
8/22/2008,1040,8,6,125.48,0.98485814,DF,SEMI-HUMID,1,0,0
8/23/2008,1040,8,7,235.36,0.99005778,DF,SEMI-HUMID,1,0,0
8/24/2008,1040,8,1,88.06,0.99000681,DF,SEMI-HUMID,1,0,0
8/25/2008,1040,8,2,48.32,0.99006623,DF,SEMI-HUMID,1,0,0
8/26/2008,1040,8,3,139.77,0.99019818,DF,SEMI-HUMID,1,0,0
8/27/2008,1040,8,4,428.9,0.94369317,DF,SEMI-HUMID,1,0,0
8/28/2008,1040,8,5,161.85,0.82613531,DF,SEMI-HUMID,1,0,0
8/29/2008,1040,8,6,87.57,0.99029348,DF,SEMI-HUMID,1,0,0
8/30/2008,1040,8,7,152.61,0.98971234,DF,SEMI-HUMID,1,0,0
8/31/2008,1040,8,1,32.64,1.18014706,DF,SEMI-HUMID,0,0,0
9/07/2008,1040,9,1,2112.52,0.54944332,DF,SEMI-HUMID,1,0,0
9/08/2008,1040,9,2,362.89,0.95003996,DF,SEMI-HUMID,1,0,0
9/09/2008,1040,9,3,63.57,1.18373447,DF,SEMI-HUMID,0,0,0
9/10/2008,1040,9,4,192.63,1.24871515,DF,SEMI-HUMID,0,0,0
9/11/2008,1040,9,5,138.78,1.39004179,DF,SEMI-HUMID,0,0,0
9/12/2008,1040,9,6,59.96,1.19029353,DF,SEMI-HUMID,0,0,0
9/13/2008,1040,9,7,106.47,1.21020006,DF,SEMI-HUMID,0,0,0
9/14/2008,1040,9,1,93.45,1.00556447,DF,SEMI-HUMID,0,0,0
9/15/2008,1040,9,2,103.08,1.39037641,DF,SEMI-HUMID,0,0,0
9/16/2008,1040,9,3,192.49,1.3601226,DF,SEMI-HUMID,0,0,0
9/17/2008,1040,9,4,1504.55,0.57991426,DF,SEMI-HUMID,1,0,0
9/18/2008,1040,9,5,115.08,0.98757386,DF,SEMI-HUMID,1,0,0
9/19/2008,1040,9,6,117.32,1.3902148,DF,SEMI-HUMID,0,0,0
9/20/2008,1040,9,7,128.4,1.39003115,DF,SEMI-HUMID,0,0,0
9/21/2008,1040,9,1,152.55,1.39010161,DF,SEMI-HUMID,0,0,0
9/22/2008,1040,9,2,169.76,1.39002121,DF,SEMI-HUMID,0,0,0
9/23/2008,1040,9,3,117.96,1.36308918,DF,SEMI-HUMID,0,0,0
9/24/2008,1040,9,4,649.47,0.79030594,DF,SEMI-HUMID,1,0,0
9/26/2008,1040,9,6,141.83,0.79017133,DF,SEMI-HUMID,1,0,0
9/27/2008,1040,9,7,244.39,0.79004869,DF,SEMI-HUMID,1,0,0
9/28/2008,1040,9,1,111.17,0.79005127,DF,SEMI-HUMID,1,0,0
9/29/2008,1040,9,2,29.74,1.07969065,DF,SEMI-HUMID,0,0,0
9/30/2008,1040,9,3,24.41,1.25030725,DF,SEMI-HUMID,0,0,0
10/07/2008,1040,10,3,104.37,0.98457411,DF,SEMI-HUMID,1,0,0
10/08/2008,1040,10,4,212.78,0.9499483,DF,SEMI-HUMID,1,0,0
10/09/2008,1040,10,5,369.06,1.08020376,DF,SEMI-HUMID,0,0,0
10/10/2008,1040,10,6,197.87,1.25011371,DF,SEMI-HUMID,0,0,0
10/11/2008,1040,10,7,40.62,1.39020187,DF,SEMI-HUMID,0,0,0
10/12/2008,1040,10,1,667.87,0.82435204,DF,SEMI-HUMID,1,0,0
10/13/2008,1040,10,2,168.21,1.24980679,DF,SEMI-HUMID,0,0,0
10/14/2008,1040,10,3,87.92,1.55027298,DF,SEMI-HUMID,0,0,0
10/15/2008,1040,10,4,325,1.47295385,DF,SEMI-HUMID,0,0,0
10/16/2008,1040,10,5,110.76,1.40059588,DF,SEMI-HUMID,0,0,0
10/17/2008,1040,10,6,97.91,1.37994076,DF,SEMI-HUMID,0,0,0
10/18/2008,1040,10,7,222.48,1.48997663,DF,SEMI-HUMID,0,0,0
10/19/2008,1040,10,1,127.12,1.47868156,DF,SEMI-HUMID,0,0,0
10/20/2008,1040,10,2,57.37,1.48980303,DF,SEMI-HUMID,0,0,0
10/21/2008,1040,10,3,65.12,1.49032555,DF,SEMI-HUMID,0,0,0
10/22/2008,1040,10,4,935.49,0.84852858,DF,SEMI-HUMID,1,0,0
10/23/2008,1040,10,5,197.26,0.86616648,DF,SEMI-HUMID,1,0,0
10/24/2008,1040,10,6,252.85,0.85002966,DF,SEMI-HUMID,1,0,0
10/25/2008,1040,10,7,249.81,0.84988591,DF,SEMI-HUMID,1,0,0
10/26/2008,1040,10,1,85.2,1.31420188,DF,SEMI-HUMID,0,0,0
10/27/2008,1040,10,2,34.66,1.32458165,DF,SEMI-HUMID,0,0,0
10/28/2008,1040,10,3,61.58,1.48002598,DF,SEMI-HUMID,0,0,0
10/29/2008,1040,10,4,259.81,1.07328432,DF,SEMI-HUMID,0,0,0
10/30/2008,1040,10,5,61.32,1.28604044,DF,SEMI-HUMID,0,0,0
10/31/2008,1040,10,6,48.27,1.48000829,DF,SEMI-HUMID,0,0,0
11/07/2008,1040,11,6,89.75,0.94997214,DF,SEMI-HUMID,1,0,0
11/08/2008,1040,11,7,111.11,1.18513185,DF,SEMI-HUMID,0,0,0
11/09/2008,1040,11,1,89.84,1.17030276,DF,SEMI-HUMID,0,0,0
11/10/2008,1040,11,2,191.47,1.25006528,DF,SEMI-HUMID,0,0,0
11/11/2008,1040,11,3,100.48,1.39022691,DF,SEMI-HUMID,0,0,0
11/12/2008,1040,11,4,68.49,1.02920134,DF,SEMI-HUMID,1,0,0
11/13/2008,1040,11,5,121.17,0.94363291,DF,SEMI-HUMID,0,0,0
11/14/2008,1040,11,6,60.45,1.2898263,DF,SEMI-HUMID,0,0,0
11/15/2008,1040,11,7,111.59,1.38981988,DF,SEMI-HUMID,0,0,0
11/16/2008,1040,11,1,59.13,1.38998816,DF,SEMI-HUMID,0,0,0
11/17/2008,1040,11,2,25.61,1.38969153,DF,SEMI-HUMID,0,0,0
11/18/2008,1040,11,3,124.62,1.38990531,DF,SEMI-HUMID,1,0,0
11/19/2008,1040,11,4,1408.01,0.64176391,DF,SEMI-HUMID,1,0,0
11/20/2008,1040,11,5,45.57,1.11016019,DF,SEMI-HUMID,0,0,0
11/21/2008,1040,11,6,89.54,1.18997096,DF,SEMI-HUMID,0,0,0
11/22/2008,1040,11,7,108.26,1.19009791,DF,SEMI-HUMID,0,0,0
11/23/2008,1040,11,1,84.38,1.18997393,DF,SEMI-HUMID,0,0,0
11/24/2008,1040,11,2,87.51,1.18980688,DF,SEMI-HUMID,0,0,0
11/25/2008,1040,11,3,109.4,1.07650823,DF,SEMI-HUMID,0,0,0
11/26/2008,1040,11,4,349.88,0.85635075,DF,SEMI-HUMID,0,0,0
11/27/2008,1040,11,5,40.31,1.20292731,DF,SEMI-HUMID,0,0,0
11/28/2008,1040,11,6,52.54,1.25009517,DF,SEMI-HUMID,0,0,0
11/29/2008,1040,11,7,172.98,1.25008672,DF,SEMI-HUMID,0,0,0
11/30/2008,1040,11,1,68.4,1.2497076,DF,SEMI-HUMID,0,0,0
12/07/2008,1040,12,1,140.97,0.95020217,DF,SEMI-HUMID,1,0,0
12/08/2008,1040,12,2,88.52,1.59003615,DF,SEMI-HUMID,0,0,0
12/09/2008,1040,12,3,94.49,1.08392422,DF,SEMI-HUMID,0,0,0
12/10/2008,1040,12,4,208.07,1.25010814,DF,SEMI-HUMID,0,0,0
12/11/2008,1040,12,5,573.25,0.90374182,DF,SEMI-HUMID,1,0,0
12/12/2008,1040,12,6,56.22,1.24937745,DF,SEMI-HUMID,0,0,0
12/13/2008,1040,12,7,95.77,1.25028715,DF,SEMI-HUMID,0,0,0
12/14/2008,1040,12,1,64.52,1.24953503,DF,SEMI-HUMID,0,0,0
12/15/2008,1040,12,2,71.97,1.25024316,DF,SEMI-HUMID,0,0,0
12/16/2008,1040,12,3,46.51,1.05289185,DF,SEMI-HUMID,1,0,0
12/17/2008,1040,12,4,373.67,0.76685311,DF,SEMI-HUMID,0,0,0
12/18/2008,1040,12,5,201.25,1.04640994,DF,SEMI-HUMID,0,0,0
12/19/2008,1040,12,6,129.86,1.28992761,DF,SEMI-HUMID,0,0,0
12/20/2008,1040,12,7,162.37,1.47989161,DF,SEMI-HUMID,1,0,0
12/21/2008,1040,12,1,272.83,0.89011472,DF,SEMI-HUMID,1,0,0
12/22/2008,1040,12,2,323.23,0.88998546,DF,SEMI-HUMID,1,0,0
12/23/2008,1040,12,3,1197.89,0.57932698,DF,SEMI-HUMID,1,0,0
12/24/2008,1040,12,4,352.19,1.17482041,DF,SEMI-HUMID,0,0,0
12/26/2008,1040,12,6,108.52,1.3897899,DF,SEMI-HUMID,0,0,0
12/27/2008,1040,12,7,132.71,1.39024942,DF,SEMI-HUMID,0,0,0
12/28/2008,1040,12,1,94.89,1.38971441,DF,SEMI-HUMID,0,0,0
12/29/2008,1040,12,2,196.38,1.39006009,DF,SEMI-HUMID,0,0,0
12/30/2008,1040,12,3,409.91,0.89397673,DF,SEMI-HUMID,1,0,0
12/31/2008,1040,12,4,156.04,0.98814407,DF,SEMI-HUMID,1,0,0
1/02/2009,1040,1,6,216.64,1.09014956,DF,SEMI-HUMID,0,0,0
1/03/2009,1040,1,7,155.74,1.29003467,DF,SEMI-HUMID,0,0,0
1/04/2009,1040,1,1,357.45,0.9672122,DF,SEMI-HUMID,1,0,0
1/06/2009,1040,1,3,100.84,1.1499405,DF,SEMI-HUMID,0,0,0
1/07/2009,1040,1,4,274.07,1.00255409,DF,SEMI-HUMID,0,0,0
1/08/2009,1040,1,5,437.22,0.99666072,DF,SEMI-HUMID,1,0,0
1/13/2009,1040,1,3,152.52,1.15027537,DF,SEMI-HUMID,0,0,0
1/14/2009,1040,1,4,1740.47,0.64662993,DF,SEMI-HUMID,1,0,0
1/15/2009,1040,1,5,125.25,1.07441118,DF,SEMI-HUMID,0,0,0
1/16/2009,1040,1,6,140.72,0.89646106,DF,SEMI-HUMID,1,0,0
1/17/2009,1040,1,7,268.57,1.04334066,DF,SEMI-HUMID,1,0,0
1/18/2009,1040,1,1,92.65,1.09023206,DF,SEMI-HUMID,0,0,0
1/19/2009,1040,1,2,225.45,1.08999778,DF,SEMI-HUMID,0,0,0
1/20/2009,1040,1,3,234.73,1.08980531,DF,SEMI-HUMID,0,0,0
1/21/2009,1040,1,4,1470.18,0.64762818,DF,SEMI-HUMID,1,0,0
1/22/2009,1040,1,5,71.63,1.06519615,DF,SEMI-HUMID,0,0,0
1/23/2009,1040,1,6,182,1.2421978,DF,SEMI-HUMID,0,0,0
1/24/2009,1040,1,7,240.58,1.09015712,DF,SEMI-HUMID,0,0,0
1/25/2009,1040,1,1,133.8,1.08991031,DF,SEMI-HUMID,0,0,0
1/26/2009,1040,1,2,166.18,1.08996269,DF,SEMI-HUMID,0,0,1
1/27/2009,1040,1,3,225.87,1.09014035,DF,SEMI-HUMID,0,0,1
1/28/2009,1040,1,4,1633.52,0.64826877,DF,SEMI-HUMID,1,0,1
1/29/2009,1040,1,5,227.52,1.03467827,DF,SEMI-HUMID,0,0,1
1/30/2009,1040,1,6,219.6,1.09002732,DF,SEMI-HUMID,0,0,1
1/31/2009,1040,1,7,273.5,1.08223035,DF,SEMI-HUMID,0,0,1
2/01/2009,1040,2,1,107.16,1.15014931,DF,SEMI-HUMID,0,0,1
2/02/2009,1040,2,2,164.2,1.09007308,DF,SEMI-HUMID,0,0,1
2/03/2009,1040,2,3,50.03,1.28962622,DF,SEMI-HUMID,0,0,1
2/04/2009,1040,2,4,111.49,1.05390618,DF,SEMI-HUMID,0,0,1
2/05/2009,1040,2,5,232.36,1.24956963,DF,SEMI-HUMID,0,0,1
2/06/2009,1040,2,6,95.34,1.15019929,DF,SEMI-HUMID,0,0,1
2/07/2009,1040,2,7,106.85,1.26476369,DF,SEMI-HUMID,0,0,1
2/08/2009,1040,2,1,250.58,0.97358129,DF,SEMI-HUMID,1,0,1
2/13/2009,1040,2,6,180.93,1.15005803,DF,SEMI-HUMID,0,0,1
2/14/2009,1040,2,7,189.58,1.14985758,DF,SEMI-HUMID,0,0,1
2/15/2009,1040,2,1,250.23,1.15010191,DF,SEMI-HUMID,0,0,1
2/16/2009,1040,2,2,117.76,1.14971128,DF,SEMI-HUMID,0,0,1
2/17/2009,1040,2,3,129.98,1.09986152,DF,SEMI-HUMID,1,0,1
2/18/2009,1040,2,4,265.32,1.18061209,DF,SEMI-HUMID,1,0,1
2/19/2009,1040,2,5,169.4,0.93264463,DF,SEMI-HUMID,1,0,1
2/20/2009,1040,2,6,137.18,0.94744132,DF,SEMI-HUMID,1,0,1
2/21/2009,1040,2,7,184.54,0.88988837,DF,SEMI-HUMID,1,0,1
2/22/2009,1040,2,1,86.33,0.89007298,DF,SEMI-HUMID,1,0,1
2/23/2009,1040,2,2,78.15,1.24977607,DF,SEMI-HUMID,0,0,1
2/24/2009,1040,2,3,48.26,1.25031082,DF,SEMI-HUMID,0,0,1
2/25/2009,1040,2,4,610.97,0.88325122,DF,SEMI-HUMID,1,0,1
2/26/2009,1040,2,5,43.5,1.09172414,DF,SEMI-HUMID,0,0,1
2/27/2009,1040,2,6,48.83,1.29039525,DF,SEMI-HUMID,0,0,1
2/28/2009,1040,2,7,79.53,1.28957626,DF,SEMI-HUMID,0,0,1
3/01/2009,1040,3,1,150.25,1.29004992,DF,SEMI-HUMID,0,0,1
3/02/2009,1040,3,2,177.4,1.08990981,DF,SEMI-HUMID,0,0,1
3/03/2009,1040,3,3,121.44,1.78614954,DF,SEMI-HUMID,0,0,1
3/04/2009,1040,3,4,117.87,1.18978536,DF,SEMI-HUMID,0,0,1
3/05/2009,1040,3,5,149.84,1.24993326,DF,SEMI-HUMID,0,0,1
3/06/2009,1040,3,6,223.26,1.14664517,DF,SEMI-HUMID,0,0,1
3/07/2009,1040,3,7,75.55,1.58980807,DF,SEMI-HUMID,0,0,1
3/08/2009,1040,3,1,97.78,1.14951933,DF,SEMI-HUMID,0,0,1
3/13/2009,1040,3,6,118.86,1.25029446,DF,SEMI-HUMID,0,0,1
3/14/2009,1040,3,7,197.68,1.4743019,DF,SEMI-HUMID,0,0,1
3/15/2009,1040,3,1,177.32,1.48979247,DF,SEMI-HUMID,0,0,1
3/16/2009,1040,3,2,87.04,1.49023438,DF,SEMI-HUMID,0,0,1
3/17/2009,1040,3,3,115.81,1.27985493,DF,SEMI-HUMID,0,0,1
3/18/2009,1040,3,4,1971.98,0.58992485,DF,SEMI-HUMID,1,0,1
3/19/2009,1040,3,5,88.72,1.23557259,DF,SEMI-HUMID,0,0,1
3/20/2009,1040,3,6,115.7,1.06032844,DF,SEMI-HUMID,1,0,1
3/21/2009,1040,3,7,178.08,1.06502695,DF,SEMI-HUMID,1,0,1
3/22/2009,1040,3,1,156.85,1.09027734,DF,SEMI-HUMID,1,0,1
3/23/2009,1040,3,2,98.49,1.24997462,DF,SEMI-HUMID,0,0,1
3/24/2009,1040,3,3,210.43,1.20448605,DF,SEMI-HUMID,1,0,1
3/25/2009,1040,3,4,788.53,0.97160539,DF,SEMI-HUMID,1,0,1
3/26/2009,1040,3,5,83.61,1.0985528,DF,SEMI-HUMID,0,0,1
3/27/2009,1040,3,6,64.51,1.00666563,DF,SEMI-HUMID,1,0,1
3/28/2009,1040,3,7,69.01,1.34965947,DF,SEMI-HUMID,0,0,1
3/29/2009,1040,3,1,22.2,1.34954955,DF,SEMI-HUMID,0,0,1
3/30/2009,1040,3,2,23.84,1.34983221,DF,SEMI-HUMID,0,0,1
3/31/2009,1040,3,3,65.96,1.35036386,DF,SEMI-HUMID,0,0,1
4/01/2009,1040,4,4,141.85,1.28981318,DF,SEMI-HUMID,0,0,1
4/02/2009,1040,4,5,540.72,1.1352456,DF,SEMI-HUMID,0,0,1
4/03/2009,1040,4,6,572.76,1.27599693,DF,SEMI-HUMID,0,0,1
4/04/2009,1040,4,7,152.53,1.25024585,DF,SEMI-HUMID,0,0,1
4/05/2009,1040,4,1,83.09,1.25033097,DF,SEMI-HUMID,0,0,1
4/06/2009,1040,4,2,160.56,1.12892377,DF,SEMI-HUMID,0,0,1
4/07/2009,1040,4,3,161.38,1.65330276,DF,SEMI-HUMID,0,0,1
4/08/2009,1040,4,4,220.58,1.14969626,DF,SEMI-HUMID,0,0,1
4/13/2009,1040,4,2,128.47,1.34996497,DF,SEMI-HUMID,0,0,1
4/14/2009,1040,4,3,111.22,1.21434994,DF,SEMI-HUMID,0,0,1
4/15/2009,1040,4,4,334.55,1.29914811,DF,SEMI-HUMID,0,0,1
4/16/2009,1040,4,5,137.55,1.04689204,DF,SEMI-HUMID,1,0,1
4/17/2009,1040,4,6,153.96,1.2501299,DF,SEMI-HUMID,0,0,1
4/18/2009,1040,4,7,265.62,1.07604849,DF,SEMI-HUMID,1,0,1
4/19/2009,1040,4,1,140.38,1.04630289,DF,SEMI-HUMID,1,0,1
4/20/2009,1040,4,2,122.98,1.35021955,DF,SEMI-HUMID,0,0,1
4/21/2009,1040,4,3,148.35,1.34984833,DF,SEMI-HUMID,0,0,1
4/22/2009,1040,4,4,637.91,0.87996739,DF,SEMI-HUMID,1,0,1
4/23/2009,1040,4,5,202.93,1.02927118,DF,SEMI-HUMID,1,0,1
4/24/2009,1040,4,6,112.95,1.20903054,DF,SEMI-HUMID,1,0,1
4/25/2009,1040,4,7,189.61,1.05643162,DF,SEMI-HUMID,1,0,1
4/26/2009,1040,4,1,119.85,0.99040467,DF,SEMI-HUMID,1,0,1
4/27/2009,1040,4,2,57.5,1.35043478,DF,SEMI-HUMID,0,0,1
4/28/2009,1040,4,3,59.3,1.34991568,DF,SEMI-HUMID,0,0,1
4/29/2009,1040,4,4,508.62,0.92780465,DF,SEMI-HUMID,1,0,1
4/30/2009,1040,4,5,149.5,0.80401338,DF,SEMI-HUMID,0,0,1
5/01/2009,1040,5,6,93.33,1.28972463,DF,SEMI-HUMID,0,0,1
5/02/2009,1040,5,7,226.4,0.88909011,DF,SEMI-HUMID,0,0,1
5/03/2009,1040,5,1,133.7,1.16095737,DF,SEMI-HUMID,0,0,1
5/04/2009,1040,5,2,142.67,1.25015771,DF,SEMI-HUMID,0,0,1
5/05/2009,1040,5,3,109.93,1.24997726,DF,SEMI-HUMID,0,0,1
5/06/2009,1040,5,4,120.25,1.15018711,DF,SEMI-HUMID,0,0,1
5/07/2009,1040,5,5,77,1.69012987,DF,SEMI-HUMID,0,0,1
5/08/2009,1040,5,6,286.3,0.76217255,DF,SEMI-HUMID,1,0,1
5/13/2009,1040,5,4,275.24,1.18420288,DF,SEMI-HUMID,0,0,1
5/14/2009,1040,5,5,148.31,1.00337132,DF,SEMI-HUMID,1,0,1
5/15/2009,1040,5,6,127.42,1.01177209,DF,SEMI-HUMID,1,0,1
5/16/2009,1040,5,7,143.01,1.14991959,DF,SEMI-HUMID,0,0,1
5/17/2009,1040,5,1,143.7,1.14996521,DF,SEMI-HUMID,0,0,1
5/18/2009,1040,5,2,67.22,1.14980661,DF,SEMI-HUMID,0,0,1
5/19/2009,1040,5,3,86.8,1.14988479,DF,SEMI-HUMID,0,0,1
5/20/2009,1040,5,4,1765.45,0.66650995,DF,SEMI-HUMID,1,0,1
5/21/2009,1040,5,5,149.78,1.0150888,DF,SEMI-HUMID,0,0,1
5/22/2009,1040,5,6,143.84,1.14981924,DF,SEMI-HUMID,0,0,1
5/23/2009,1040,5,7,283.76,1.02368198,DF,SEMI-HUMID,1,0,1
5/24/2009,1040,5,1,173.04,0.99000231,DF,SEMI-HUMID,1,0,1
5/25/2009,1040,5,2,75.83,1.12936832,DF,SEMI-HUMID,0,0,1
5/26/2009,1040,5,3,154.74,1.15018741,DF,SEMI-HUMID,0,0,1
5/27/2009,1040,5,4,1764.92,0.56909095,DF,SEMI-HUMID,1,0,1
5/28/2009,1040,5,5,59.09,1.05263158,DF,SEMI-HUMID,0,0,1
5/29/2009,1040,5,6,62.55,1.15027978,DF,SEMI-HUMID,0,0,1
5/30/2009,1040,5,7,172.83,1.14997396,DF,SEMI-HUMID,0,0,1
5/31/2009,1040,5,1,93,1.15021505,DF,SEMI-HUMID,0,0,1
6/01/2009,1040,6,2,157.13,1.15025775,DF,SEMI-HUMID,0,0,1
6/02/2009,1040,6,3,176.03,0.90211896,DF,SEMI-HUMID,1,0,1
6/03/2009,1040,6,4,65.3,1.13996937,DF,SEMI-HUMID,0,0,1
6/04/2009,1040,6,5,80.9,1.2499382,DF,SEMI-HUMID,0,0,1
6/05/2009,1040,6,6,1619.92,0.67995333,DF,SEMI-HUMID,1,0,1
6/06/2009,1040,6,7,139.67,1.14999642,DF,SEMI-HUMID,0,0,1
6/07/2009,1040,6,1,69.49,1.69017125,DF,SEMI-HUMID,0,0,1
6/08/2009,1040,6,2,106.27,0.96650042,DF,SEMI-HUMID,0,0,1
6/13/2009,1040,6,7,186.68,1.15014999,DF,SEMI-HUMID,0,0,1
6/14/2009,1040,6,1,69.68,1.15011481,DF,SEMI-HUMID,0,0,1
6/15/2009,1040,6,2,32.01,1.14964074,DF,SEMI-HUMID,0,0,1
6/16/2009,1040,6,3,39.27,1.04991087,DF,SEMI-HUMID,0,0,1
6/17/2009,1040,6,4,223.54,1.11103158,DF,SEMI-HUMID,0,0,1
6/18/2009,1040,6,5,49.2,1.06585366,DF,SEMI-HUMID,0,0,1
6/19/2009,1040,6,6,86.84,1.4894058,DF,SEMI-HUMID,0,0,1
6/20/2009,1040,6,7,100.48,1.76632166,DF,SEMI-HUMID,0,0,1
6/21/2009,1040,6,1,113.65,1.79005719,DF,SEMI-HUMID,0,0,1
6/22/2009,1040,6,2,39.42,1.78995434,DF,SEMI-HUMID,0,0,1
6/23/2009,1040,6,3,71.67,1.13799358,DF,SEMI-HUMID,0,0,1
6/24/2009,1040,6,4,1358.18,0.77033972,DF,SEMI-HUMID,1,0,1
6/25/2009,1040,6,5,90.89,1.06469359,DF,SEMI-HUMID,0,0,1
6/27/2009,1040,6,7,211.35,1.24996451,DF,SEMI-HUMID,0,0,1
6/28/2009,1040,6,1,114.53,1.18335807,DF,SEMI-HUMID,0,0,1
6/29/2009,1040,6,2,87.9,1.18441411,DF,SEMI-HUMID,0,0,1
6/30/2009,1040,6,3,86.53,1.25598058,DF,SEMI-HUMID,0,1,1
7/01/2009,1040,7,4,2513.14,0.58005921,DF,SEMI-HUMID,1,1,1
7/02/2009,1040,7,5,168.33,1.28164914,DF,SEMI-HUMID,0,1,1
7/03/2009,1040,7,6,430.06,1.27977492,DF,SEMI-HUMID,0,1,1
7/04/2009,1040,7,7,45.6,1.35,DF,SEMI-HUMID,0,1,1
7/05/2009,1040,7,1,226.18,1.15974003,DF,SEMI-HUMID,0,1,1
7/06/2009,1040,7,2,74.99,1.14961995,DF,SEMI-HUMID,0,1,1
7/07/2009,1040,7,3,67.52,1.47037915,DF,SEMI-HUMID,0,1,1
7/08/2009,1040,7,4,87.26,1.15035526,DF,SEMI-HUMID,0,1,1
7/13/2009,1040,7,2,53.84,1.59008172,DF,SEMI-HUMID,0,1,1
7/14/2009,1040,7,3,73.22,1.46421743,DF,SEMI-HUMID,0,1,1
7/15/2009,1040,7,4,317.61,0.74257737,DF,SEMI-HUMID,1,1,1
7/16/2009,1040,7,5,323.5,0.79959815,DF,SEMI-HUMID,1,1,1
7/17/2009,1040,7,6,85.65,1.29036778,DF,SEMI-HUMID,0,1,1
7/18/2009,1040,7,7,123.17,1.24981733,DF,SEMI-HUMID,0,1,1
7/19/2009,1040,7,1,70.56,1.25,DF,SEMI-HUMID,0,1,1
7/20/2009,1040,7,2,101.83,1.23323186,DF,SEMI-HUMID,0,1,1
7/21/2009,1040,7,3,62.87,1.25035788,DF,SEMI-HUMID,0,1,1
7/22/2009,1040,7,4,323.96,0.88551056,DF,SEMI-HUMID,1,1,1
7/23/2009,1040,7,5,86.73,0.97451862,DF,SEMI-HUMID,0,1,1
7/24/2009,1040,7,6,52.11,1.29073115,DF,SEMI-HUMID,0,1,1
7/25/2009,1040,7,7,107.41,1.15017224,DF,SEMI-HUMID,0,1,1
7/26/2009,1040,7,1,56.6,1.15017668,DF,SEMI-HUMID,0,1,1
7/27/2009,1040,7,2,127.17,1.15027129,DF,SEMI-HUMID,0,1,1
7/28/2009,1040,7,3,203.61,1.15009086,DF,SEMI-HUMID,0,1,1
7/29/2009,1040,7,4,2276.94,0.54991787,DF,SEMI-HUMID,1,1,1
7/30/2009,1040,7,5,45.79,1.00873553,DF,SEMI-HUMID,0,1,1
7/31/2009,1040,7,6,58.55,1.1501281,DF,SEMI-HUMID,0,1,1
8/01/2009,1040,8,7,88.88,1.10969847,DF,SEMI-HUMID,0,1,1
8/02/2009,1040,8,1,149.95,1.28996332,DF,SEMI-HUMID,0,1,1
8/03/2009,1040,8,2,188.93,1.28010374,DF,SEMI-HUMID,0,1,1
8/04/2009,1040,8,3,476.51,0.99840507,DF,SEMI-HUMID,1,1,1
8/05/2009,1040,8,4,176.09,1.24992901,DF,SEMI-HUMID,0,1,1
8/06/2009,1040,8,5,36.43,1.15042547,DF,SEMI-HUMID,0,1,1
8/07/2009,1040,8,6,1808.65,0.57875211,DF,SEMI-HUMID,1,1,1
8/08/2009,1040,8,7,117.57,1.13506847,DF,SEMI-HUMID,0,1,1
8/13/2009,1040,8,5,107.7,1.06443825,DF,SEMI-HUMID,0,1,1
8/14/2009,1040,8,6,89.09,1.15007296,DF,SEMI-HUMID,0,1,1
8/15/2009,1040,8,7,188.1,1.09787347,DF,SEMI-HUMID,0,1,1
8/16/2009,1040,8,1,97.7,1.12681679,DF,SEMI-HUMID,0,1,1
8/17/2009,1040,8,2,68.4,1.15,DF,SEMI-HUMID,0,1,1
8/18/2009,1040,8,3,90.66,1.13578204,DF,SEMI-HUMID,0,1,1
8/19/2009,1040,8,4,1774.47,0.58749937,DF,SEMI-HUMID,1,1,1
8/20/2009,1040,8,5,165.86,1.02490052,DF,SEMI-HUMID,0,1,1
8/21/2009,1040,8,6,85.01,1.15009999,DF,SEMI-HUMID,0,1,1
8/22/2009,1040,8,7,142.49,1.15018598,DF,SEMI-HUMID,0,1,1
8/23/2009,1040,8,1,85.89,1.14949354,DF,SEMI-HUMID,0,1,1
8/24/2009,1040,8,2,64.57,1.15022456,DF,SEMI-HUMID,0,1,1
8/25/2009,1040,8,3,46.83,1.15054452,DF,SEMI-HUMID,0,1,1
8/26/2009,1040,8,4,196.01,1.03632468,DF,SEMI-HUMID,0,1,1
8/27/2009,1040,8,5,64.76,0.85145151,DF,SEMI-HUMID,0,1,1
8/31/2009,1040,8,2,94.52,1.15023275,DF,SEMI-HUMID,0,1,1
9/01/2009,1040,9,3,47.01,1.14975537,DF,SEMI-HUMID,0,1,1
9/02/2009,1040,9,4,107.27,1.2898294,DF,SEMI-HUMID,0,1,1
9/03/2009,1040,9,5,92.7,1.2789644,DF,SEMI-HUMID,0,1,1
9/04/2009,1040,9,6,119.85,1.30529829,DF,SEMI-HUMID,0,1,1
9/05/2009,1040,9,7,210.68,1.24995253,DF,SEMI-HUMID,0,1,1
9/06/2009,1040,9,1,128.02,1.14997657,DF,SEMI-HUMID,0,1,1
9/07/2009,1040,9,2,111.53,1.41612122,DF,SEMI-HUMID,0,1,1
9/08/2009,1040,9,3,127.21,1.1499096,DF,SEMI-HUMID,0,1,1
10/01/2009,1040,10,5,139.77,1.1498891,DF,SEMI-HUMID,0,1,1
10/02/2009,1040,10,6,163.98,1.29003537,DF,SEMI-HUMID,0,1,1
10/03/2009,1040,10,7,133.84,1.2801853,DF,SEMI-HUMID,0,1,1
10/05/2009,1040,10,2,100.48,1.25,DF,SEMI-HUMID,0,1,1
10/06/2009,1040,10,3,2064.63,0.68001531,DF,SEMI-HUMID,1,1,1
10/07/2009,1040,10,4,71.99,1.59008196,DF,SEMI-HUMID,0,1,1
10/08/2009,1040,10,5,113.03,1.10315845,DF,SEMI-HUMID,0,1,1
11/01/2009,1040,11,1,93.66,1.15033098,DF,SEMI-HUMID,0,1,1
11/02/2009,1040,11,2,2690.9,0.4809023,DF,SEMI-HUMID,1,1,1
11/03/2009,1040,11,3,460.16,1.18793463,DF,SEMI-HUMID,0,1,1
11/04/2009,1040,11,4,169.36,1.34990553,DF,SEMI-HUMID,0,1,1
11/05/2009,1040,11,5,81.11,1.2502774,DF,SEMI-HUMID,0,1,1
11/06/2009,1040,11,6,103.18,1.03731343,DF,SEMI-HUMID,0,1,1
11/07/2009,1040,11,7,158.17,1.52266549,DF,SEMI-HUMID,0,1,1
11/08/2009,1040,11,1,135.9,1.13178808,DF,SEMI-HUMID,0,1,1
12/01/2009,1040,12,3,100.3,1.14995015,DF,SEMI-HUMID,0,1,1
12/02/2009,1040,12,4,122.94,1.22986823,DF,SEMI-HUMID,0,1,1
12/03/2009,1040,12,5,192.63,1.2093651,DF,SEMI-HUMID,0,1,1
12/04/2009,1040,12,6,51.44,1.34972784,DF,SEMI-HUMID,0,1,1
12/05/2009,1040,12,7,83.69,1.25080655,DF,SEMI-HUMID,0,1,1
12/06/2009,1040,12,1,102.75,1.14997567,DF,SEMI-HUMID,0,1,1
12/07/2009,1040,12,2,65.52,1.58974359,DF,SEMI-HUMID,0,1,1
12/08/2009,1040,12,3,1538.16,0.59004265,DF,SEMI-HUMID,1,1,1
1/07/2008,1058,1,2,77.45,1.05242092,SP,TEMPERED / HUMID,0,0,0
1/08/2008,1058,1,3,53.58,1.28032848,SP,TEMPERED / HUMID,0,0,0
1/09/2008,1058,1,4,72.93,1.00521048,SP,TEMPERED / HUMID,0,0,0
1/10/2008,1058,1,5,2983.95,0.3700129,SP,TEMPERED / HUMID,0,0,0
1/12/2008,1058,1,7,84.42,0.9800995,SP,TEMPERED / HUMID,0,0,0
2/07/2008,1058,2,5,822.89,0.54990339,SP,TEMPERED / HUMID,1,0,0
2/08/2008,1058,2,6,230.01,0.98060954,SP,TEMPERED / HUMID,1,0,0
2/09/2008,1058,2,7,365.12,0.77640228,SP,TEMPERED / HUMID,1,0,0
2/10/2008,1058,2,1,32.9,0.88419453,SP,TEMPERED / HUMID,0,0,0
2/11/2008,1058,2,2,121.48,1.19015476,SP,TEMPERED / HUMID,0,0,0
2/12/2008,1058,2,3,219.04,0.91951242,SP,TEMPERED / HUMID,0,0,0
3/07/2008,1058,3,6,150.35,0.98749584,SP,TEMPERED / HUMID,1,0,0
3/08/2008,1058,3,7,155.12,0.9900722,SP,TEMPERED / HUMID,1,0,0
3/09/2008,1058,3,1,360.44,0.77763289,SP,TEMPERED / HUMID,1,0,0
3/10/2008,1058,3,2,84.95,1.18022366,SP,TEMPERED / HUMID,0,0,0
3/11/2008,1058,3,3,125.49,1.15124711,SP,TEMPERED / HUMID,0,0,0
3/12/2008,1058,3,4,943.56,0.64469668,SP,TEMPERED / HUMID,1,0,0
4/07/2008,1058,4,2,206.2,1.01644035,SP,TEMPERED / HUMID,1,0,0
4/08/2008,1058,4,3,23.4,1.19316239,SP,TEMPERED / HUMID,0,0,0
4/09/2008,1058,4,4,72.39,0.98963945,SP,TEMPERED / HUMID,0,0,0
4/10/2008,1058,4,5,119.62,0.98980104,SP,TEMPERED / HUMID,0,0,0
4/11/2008,1058,4,6,285.14,0.77127025,SP,TEMPERED / HUMID,1,0,0
5/07/2008,1058,5,4,198.27,0.98845009,SP,TEMPERED / HUMID,1,0,0
5/08/2008,1058,5,5,74.95,1.11821214,SP,TEMPERED / HUMID,0,0,0
5/09/2008,1058,5,6,138.59,0.78007071,SP,TEMPERED / HUMID,1,0,0
5/10/2008,1058,5,7,92.15,0.9895822,SP,TEMPERED / HUMID,0,0,0
5/11/2008,1058,5,1,655.98,0.63122351,SP,TEMPERED / HUMID,1,0,0
5/12/2008,1058,5,2,351.07,0.68991939,SP,TEMPERED / HUMID,1,0,0
6/07/2008,1058,6,7,134.69,1.18011731,SP,TEMPERED / HUMID,0,0,0
6/08/2008,1058,6,1,563.44,0.87004827,SP,TEMPERED / HUMID,1,0,0
6/09/2008,1058,6,2,265.33,0.77993442,SP,TEMPERED / HUMID,1,0,0
6/10/2008,1058,6,3,41.24,0.9900582,SP,TEMPERED / HUMID,0,0,0
6/11/2008,1058,6,4,128.68,1.18200187,SP,TEMPERED / HUMID,0,0,0
6/12/2008,1058,6,5,603.06,0.6901635,SP,TEMPERED / HUMID,1,0,0
7/07/2008,1058,7,2,83.97,1.18042158,SP,TEMPERED / HUMID,0,0,0
7/08/2008,1058,7,3,90.72,1.27987213,SP,TEMPERED / HUMID,0,0,0
7/09/2008,1058,7,4,478.11,0.77994604,SP,TEMPERED / HUMID,1,0,0
7/10/2008,1058,7,5,82.23,0.99014958,SP,TEMPERED / HUMID,0,0,0
7/11/2008,1058,7,6,219.25,0.78982896,SP,TEMPERED / HUMID,1,0,0
7/12/2008,1058,7,7,342.3,0.68989191,SP,TEMPERED / HUMID,1,0,0
7/13/2008,1058,7,1,99.91,1.17015314,SP,TEMPERED / HUMID,0,0,0
7/14/2008,1058,7,2,81.03,1.14908059,SP,TEMPERED / HUMID,1,0,0
7/15/2008,1058,7,3,55.83,1.09690131,SP,TEMPERED / HUMID,1,0,0
7/16/2008,1058,7,4,325.29,0.83651511,SP,TEMPERED / HUMID,1,0,0
7/17/2008,1058,7,5,41.22,1.14992722,SP,TEMPERED / HUMID,1,0,0
7/18/2008,1058,7,6,27.61,1.1492213,SP,TEMPERED / HUMID,0,0,0
7/19/2008,1058,7,7,78.19,1.16472695,SP,TEMPERED / HUMID,0,0,0
7/20/2008,1058,7,1,109.43,1.19007585,SP,TEMPERED / HUMID,0,0,0
7/21/2008,1058,7,2,49.95,1.17317317,SP,TEMPERED / HUMID,0,0,0
7/22/2008,1058,7,3,28.65,1.19057592,SP,TEMPERED / HUMID,0,0,0
7/23/2008,1058,7,4,129.48,1.11283596,SP,TEMPERED / HUMID,0,0,0
7/24/2008,1058,7,5,45.38,1.170119,SP,TEMPERED / HUMID,0,0,0
7/25/2008,1058,7,6,86.63,1.19023433,SP,TEMPERED / HUMID,0,0,0
7/26/2008,1058,7,7,161.75,1.19035549,SP,TEMPERED / HUMID,1,0,0
7/27/2008,1058,7,1,121.03,1.08989507,SP,TEMPERED / HUMID,1,0,0
7/28/2008,1058,7,2,79.16,0.98218797,SP,TEMPERED / HUMID,1,0,0
7/29/2008,1058,7,3,138.26,1.28482569,SP,TEMPERED / HUMID,0,0,0
7/30/2008,1058,7,4,776.02,0.67991804,SP,TEMPERED / HUMID,1,0,0
7/31/2008,1058,7,5,70.27,0.88316494,SP,TEMPERED / HUMID,1,0,0
8/07/2008,1058,8,5,170.06,0.84793602,SP,TEMPERED / HUMID,1,0,0
8/08/2008,1058,8,6,83.08,1.27961001,SP,TEMPERED / HUMID,0,0,0
8/09/2008,1058,8,7,179.46,0.9914187,SP,TEMPERED / HUMID,0,0,0
8/10/2008,1058,8,1,120.04,0.9895035,SP,TEMPERED / HUMID,0,0,0
8/11/2008,1058,8,2,426.65,0.78931208,SP,TEMPERED / HUMID,1,0,0
8/12/2008,1058,8,3,233.07,0.98000601,SP,TEMPERED / HUMID,1,0,0
8/13/2008,1058,8,4,198.89,1.26788677,SP,TEMPERED / HUMID,0,0,0
8/14/2008,1058,8,5,102.84,1.19068456,SP,TEMPERED / HUMID,0,0,0
8/15/2008,1058,8,6,93.48,1.389816,SP,TEMPERED / HUMID,0,0,0
8/16/2008,1058,8,7,127.53,1.11785462,SP,TEMPERED / HUMID,1,0,0
8/17/2008,1058,8,1,121.89,1.38977767,SP,TEMPERED / HUMID,0,0,0
8/18/2008,1058,8,2,87.18,1.39034182,SP,TEMPERED / HUMID,1,0,0
8/19/2008,1058,8,3,139.51,0.8276826,SP,TEMPERED / HUMID,1,0,0
8/20/2008,1058,8,4,166.47,0.88892894,SP,TEMPERED / HUMID,1,0,0
8/21/2008,1058,8,5,255.19,0.57004585,SP,TEMPERED / HUMID,1,0,0
8/22/2008,1058,8,6,97.83,0.59010528,SP,TEMPERED / HUMID,1,0,0
8/23/2008,1058,8,7,222.38,0.59002608,SP,TEMPERED / HUMID,1,0,0
8/24/2008,1058,8,1,178.46,0.59032836,SP,TEMPERED / HUMID,1,0,0
8/25/2008,1058,8,2,107.46,0.59008003,SP,TEMPERED / HUMID,1,0,0
8/26/2008,1058,8,3,159.89,1.16642692,SP,TEMPERED / HUMID,0,0,0
8/27/2008,1058,8,4,1332.47,0.66983872,SP,TEMPERED / HUMID,1,0,0
8/28/2008,1058,8,5,90.63,0.74235904,SP,TEMPERED / HUMID,1,0,0
8/29/2008,1058,8,6,83.8,1.05,SP,TEMPERED / HUMID,0,0,0
8/30/2008,1058,8,7,74.99,1.0902787,SP,TEMPERED / HUMID,0,0,0
8/31/2008,1058,8,1,203.95,1.07408679,SP,TEMPERED / HUMID,0,0,0
9/07/2008,1058,9,1,112.59,1.15019096,SP,TEMPERED / HUMID,0,0,0
9/08/2008,1058,9,2,194.52,1.28007403,SP,TEMPERED / HUMID,0,0,0
9/09/2008,1058,9,3,339.93,0.77813079,SP,TEMPERED / HUMID,1,0,0
9/10/2008,1058,9,4,78.14,0.99027387,SP,TEMPERED / HUMID,0,0,0
9/11/2008,1058,9,5,242.2,0.79009083,SP,TEMPERED / HUMID,1,0,0
9/12/2008,1058,9,6,188.26,0.59008818,SP,TEMPERED / HUMID,1,0,0
9/13/2008,1058,9,7,239.3,1.18006686,SP,TEMPERED / HUMID,0,0,0
9/14/2008,1058,9,1,220.96,1.18016836,SP,TEMPERED / HUMID,0,0,0
9/15/2008,1058,9,2,104.66,1.17943818,SP,TEMPERED / HUMID,0,0,0
9/16/2008,1058,9,3,181.24,1.099371,SP,TEMPERED / HUMID,0,0,0
9/17/2008,1058,9,4,2403.68,0.47994741,SP,TEMPERED / HUMID,1,0,0
9/18/2008,1058,9,5,238.58,0.75002096,SP,TEMPERED / HUMID,1,0,0
9/19/2008,1058,9,6,126.22,1.18974806,SP,TEMPERED / HUMID,0,0,0
9/20/2008,1058,9,7,312.67,0.91191992,SP,TEMPERED / HUMID,1,0,0
9/21/2008,1058,9,1,238.63,0.79026107,SP,TEMPERED / HUMID,1,0,0
9/22/2008,1058,9,2,39.82,1.16700151,SP,TEMPERED / HUMID,0,0,0
9/23/2008,1058,9,3,303.38,0.60897225,SP,TEMPERED / HUMID,1,0,0
9/24/2008,1058,9,4,1693.22,0.47989629,SP,TEMPERED / HUMID,1,0,0
9/25/2008,1058,9,5,22.61,0.79035825,SP,TEMPERED / HUMID,1,0,0
9/26/2008,1058,9,6,56.72,1.15038787,SP,TEMPERED / HUMID,0,0,0
9/27/2008,1058,9,7,75.78,0.97030879,SP,TEMPERED / HUMID,0,0,0
9/28/2008,1058,9,1,102.69,0.79033986,SP,TEMPERED / HUMID,0,0,0
9/29/2008,1058,9,2,81.44,0.78990668,SP,TEMPERED / HUMID,0,0,0
9/30/2008,1058,9,3,148.95,0.78992951,SP,TEMPERED / HUMID,0,0,0
10/07/2008,1058,10,3,91.67,0.88524054,SP,TEMPERED / HUMID,1,0,0
10/08/2008,1058,10,4,142.38,1.28023599,SP,TEMPERED / HUMID,0,0,0
10/09/2008,1058,10,5,637.43,0.86779725,SP,TEMPERED / HUMID,1,0,0
10/10/2008,1058,10,6,110.69,0.99024302,SP,TEMPERED / HUMID,0,0,0
10/11/2008,1058,10,7,81.01,1.19034687,SP,TEMPERED / HUMID,0,0,0
10/12/2008,1058,10,1,320.04,0.84995626,SP,TEMPERED / HUMID,1,0,0
10/13/2008,1058,10,2,84.71,0.98996577,SP,TEMPERED / HUMID,0,0,0
10/14/2008,1058,10,3,76.67,0.73457676,SP,TEMPERED / HUMID,1,0,0
10/15/2008,1058,10,4,576.41,0.74872053,SP,TEMPERED / HUMID,1,0,0
10/16/2008,1058,10,5,106.45,0.9790512,SP,TEMPERED / HUMID,0,0,0
10/17/2008,1058,10,6,95.7,0.98975967,SP,TEMPERED / HUMID,0,0,0
10/18/2008,1058,10,7,207.63,0.98978953,SP,TEMPERED / HUMID,0,0,0
10/19/2008,1058,10,1,142.34,0.98967261,SP,TEMPERED / HUMID,0,0,0
10/20/2008,1058,10,2,103.65,0.9896768,SP,TEMPERED / HUMID,0,0,0
10/21/2008,1058,10,3,162.94,0.74585737,SP,TEMPERED / HUMID,1,0,0
10/22/2008,1058,10,4,155.91,0.74331345,SP,TEMPERED / HUMID,1,0,0
10/23/2008,1058,10,5,123.46,0.98776932,SP,TEMPERED / HUMID,0,0,0
10/24/2008,1058,10,6,88.67,0.99075223,SP,TEMPERED / HUMID,0,0,0
10/25/2008,1058,10,7,336.3,0.99006839,SP,TEMPERED / HUMID,0,0,0
10/26/2008,1058,10,1,365.09,0.98778383,SP,TEMPERED / HUMID,0,0,0
10/27/2008,1058,10,2,154.5,0.98983819,SP,TEMPERED / HUMID,0,0,0
10/28/2008,1058,10,3,227.56,0.85410441,SP,TEMPERED / HUMID,1,0,0
10/29/2008,1058,10,4,726.71,0.86829684,SP,TEMPERED / HUMID,1,0,0
10/30/2008,1058,10,5,189.54,1.07956104,SP,TEMPERED / HUMID,0,0,0
10/31/2008,1058,10,6,95.54,1.18473938,SP,TEMPERED / HUMID,0,0,0
11/07/2008,1058,11,6,35.31,1.05182668,SP,TEMPERED / HUMID,1,0,0
11/08/2008,1058,11,7,85.39,1.26982082,SP,TEMPERED / HUMID,0,0,0
11/09/2008,1058,11,1,162.55,0.99003384,SP,TEMPERED / HUMID,0,0,0
11/10/2008,1058,11,2,174,0.98747126,SP,TEMPERED / HUMID,0,0,0
11/11/2008,1058,11,3,219.59,0.8681634,SP,TEMPERED / HUMID,1,0,0
11/12/2008,1058,11,4,80.08,0.97652348,SP,TEMPERED / HUMID,0,0,0
11/13/2008,1058,11,5,119.52,1.06283467,SP,TEMPERED / HUMID,1,0,0
11/14/2008,1058,11,6,127.3,1.16080126,SP,TEMPERED / HUMID,0,0,0
11/15/2008,1058,11,7,307.17,0.88006641,SP,TEMPERED / HUMID,0,0,0
11/16/2008,1058,11,1,147.35,0.88008144,SP,TEMPERED / HUMID,0,0,0
11/17/2008,1058,11,2,74.23,0.88050653,SP,TEMPERED / HUMID,0,0,0
11/18/2008,1058,11,3,123.17,1.16262077,SP,TEMPERED / HUMID,0,0,0
11/19/2008,1058,11,4,1186.34,0.58997421,SP,TEMPERED / HUMID,1,0,0
11/20/2008,1058,11,5,97.4,0.87915811,SP,TEMPERED / HUMID,0,0,0
11/21/2008,1058,11,6,103.67,0.87971448,SP,TEMPERED / HUMID,0,0,0
11/22/2008,1058,11,7,80.09,0.98002247,SP,TEMPERED / HUMID,0,0,0
11/23/2008,1058,11,1,144.18,0.98016368,SP,TEMPERED / HUMID,0,0,0
11/24/2008,1058,11,2,78.79,0.98007361,SP,TEMPERED / HUMID,0,0,0
11/25/2008,1058,11,3,175.93,0.86551469,SP,TEMPERED / HUMID,1,0,0
11/26/2008,1058,11,4,302.3,0.86986437,SP,TEMPERED / HUMID,1,0,0
11/27/2008,1058,11,5,116.98,0.9799111,SP,TEMPERED / HUMID,0,0,0
11/28/2008,1058,11,6,98.36,0.97966653,SP,TEMPERED / HUMID,0,0,0
11/29/2008,1058,11,7,204.02,0.98009999,SP,TEMPERED / HUMID,0,0,0
11/30/2008,1058,11,1,223.47,0.98017631,SP,TEMPERED / HUMID,0,0,0
12/07/2008,1058,12,1,222.52,1.00206723,SP,TEMPERED / HUMID,1,0,0
12/08/2008,1058,12,2,95.79,1.19855935,SP,TEMPERED / HUMID,0,0,0
12/09/2008,1058,12,3,205.11,1.18004973,SP,TEMPERED / HUMID,0,0,0
12/10/2008,1058,12,4,115.88,0.98998964,SP,TEMPERED / HUMID,0,0,0
12/11/2008,1058,12,5,582.62,0.86964059,SP,TEMPERED / HUMID,1,0,0
12/12/2008,1058,12,6,59,0.98,SP,TEMPERED / HUMID,1,0,0
12/13/2008,1058,12,7,177.79,0.84999156,SP,TEMPERED / HUMID,1,0,0
12/14/2008,1058,12,1,118.05,0.84997882,SP,TEMPERED / HUMID,0,0,0
12/15/2008,1058,12,2,76.35,0.84977079,SP,TEMPERED / HUMID,0,0,0
12/16/2008,1058,12,3,135.9,0.85916115,SP,TEMPERED / HUMID,1,0,0
12/17/2008,1058,12,4,224.26,0.86676179,SP,TEMPERED / HUMID,1,0,0
12/18/2008,1058,12,5,116.84,0.97851763,SP,TEMPERED / HUMID,0,0,0
12/19/2008,1058,12,6,103.31,0.9902236,SP,TEMPERED / HUMID,0,0,0
12/20/2008,1058,12,7,193.01,0.83451635,SP,TEMPERED / HUMID,1,0,0
12/21/2008,1058,12,1,170.79,0.78997599,SP,TEMPERED / HUMID,1,0,0
12/22/2008,1058,12,2,146.77,0.8114056,SP,TEMPERED / HUMID,1,0,0
12/23/2008,1058,12,3,382.16,0.58983148,SP,TEMPERED / HUMID,1,0,0
12/24/2008,1058,12,4,185.04,0.97995028,SP,TEMPERED / HUMID,0,0,0
12/26/2008,1058,12,6,57.44,0.97963092,SP,TEMPERED / HUMID,1,0,0
12/27/2008,1058,12,7,140.91,0.789582,SP,TEMPERED / HUMID,1,0,0
12/28/2008,1058,12,1,75.36,0.98022824,SP,TEMPERED / HUMID,0,0,0
12/29/2008,1058,12,2,115.12,0.77988186,SP,TEMPERED / HUMID,0,0,0
12/30/2008,1058,12,3,222.98,0.77989057,SP,TEMPERED / HUMID,1,0,0
12/31/2008,1058,12,4,311.15,0.89014945,SP,TEMPERED / HUMID,1,0,0
1/02/2009,1058,1,6,116.58,1.290187,SP,TEMPERED / HUMID,0,0,0
1/03/2009,1058,1,7,155.99,1.45996538,SP,TEMPERED / HUMID,0,0,0
1/04/2009,1058,1,1,270.43,1.64316089,SP,TEMPERED / HUMID,0,0,0
1/06/2009,1058,1,3,49.58,1.12404195,SP,TEMPERED / HUMID,1,0,0
1/07/2009,1058,1,4,784.74,0.73851212,SP,TEMPERED / HUMID,1,0,0
1/08/2009,1058,1,5,177.37,0.98015448,SP,TEMPERED / HUMID,0,0,0
1/13/2009,1058,1,3,380.68,0.85016287,SP,TEMPERED / HUMID,1,0,0
1/14/2009,1058,1,4,681.22,0.84963742,SP,TEMPERED / HUMID,1,0,0
1/15/2009,1058,1,5,319.24,0.92425761,SP,TEMPERED / HUMID,1,0,0
1/16/2009,1058,1,6,285.95,0.78971848,SP,TEMPERED / HUMID,1,0,0
1/17/2009,1058,1,7,435.72,0.789888,SP,TEMPERED / HUMID,1,0,0
1/18/2009,1058,1,1,158.5,1.18990536,SP,TEMPERED / HUMID,0,0,0
1/19/2009,1058,1,2,121.05,1.18992152,SP,TEMPERED / HUMID,0,0,0
1/20/2009,1058,1,3,69.22,1.13522103,SP,TEMPERED / HUMID,0,0,0
1/21/2009,1058,1,4,497.19,0.74967316,SP,TEMPERED / HUMID,1,0,0
1/22/2009,1058,1,5,59.84,1.16661096,SP,TEMPERED / HUMID,0,0,0
1/23/2009,1058,1,6,64.78,1.18045693,SP,TEMPERED / HUMID,0,0,0
1/24/2009,1058,1,7,110.55,0.97982813,SP,TEMPERED / HUMID,0,0,0
1/25/2009,1058,1,1,124.7,0.97538091,SP,TEMPERED / HUMID,0,0,0
1/26/2009,1058,1,2,52.39,0.98033976,SP,TEMPERED / HUMID,0,0,1
1/27/2009,1058,1,3,157.85,0.98017105,SP,TEMPERED / HUMID,0,0,1
1/28/2009,1058,1,4,555.41,0.75317333,SP,TEMPERED / HUMID,1,0,1
1/29/2009,1058,1,5,69.7,0.97144907,SP,TEMPERED / HUMID,0,0,1
1/30/2009,1058,1,6,180.8,0.97986726,SP,TEMPERED / HUMID,0,0,1
1/31/2009,1058,1,7,140.23,1.29002353,SP,TEMPERED / HUMID,0,0,1
2/01/2009,1058,2,1,189.64,0.91151656,SP,TEMPERED / HUMID,1,0,1
2/02/2009,1058,2,2,67.11,1.2901207,SP,TEMPERED / HUMID,0,0,1
2/03/2009,1058,2,3,52.11,1.46018039,SP,TEMPERED / HUMID,0,0,1
2/04/2009,1058,2,4,122.89,1.57994955,SP,TEMPERED / HUMID,0,0,1
2/05/2009,1058,2,5,396.67,1.17326745,SP,TEMPERED / HUMID,1,0,1
2/06/2009,1058,2,6,118.54,0.87928126,SP,TEMPERED / HUMID,1,0,1
2/07/2009,1058,2,7,212.05,1.13907097,SP,TEMPERED / HUMID,0,0,1
2/08/2009,1058,2,1,151.08,0.9799444,SP,TEMPERED / HUMID,0,0,1
2/13/2009,1058,2,6,81.24,1.48030527,SP,TEMPERED / HUMID,0,0,1
2/14/2009,1058,2,7,156.06,1.27995643,SP,TEMPERED / HUMID,0,0,1
2/15/2009,1058,2,1,122.17,1.27993779,SP,TEMPERED / HUMID,0,0,1
2/16/2009,1058,2,2,41.05,1.27965895,SP,TEMPERED / HUMID,0,0,1
2/17/2009,1058,2,3,64.73,1.22107215,SP,TEMPERED / HUMID,0,0,1
2/18/2009,1058,2,4,147.41,1.28010311,SP,TEMPERED / HUMID,0,0,1
2/19/2009,1058,2,5,47.13,1.28071292,SP,TEMPERED / HUMID,0,0,1
2/20/2009,1058,2,6,129.48,1.28027495,SP,TEMPERED / HUMID,0,0,1
2/21/2009,1058,2,7,162.17,1.27976814,SP,TEMPERED / HUMID,0,0,1
2/22/2009,1058,2,1,108.92,1.28011385,SP,TEMPERED / HUMID,0,0,1
2/23/2009,1058,2,2,70.89,1.27987022,SP,TEMPERED / HUMID,0,0,1
2/24/2009,1058,2,3,121.65,0.96974928,SP,TEMPERED / HUMID,1,0,1
2/25/2009,1058,2,4,710.62,0.84901917,SP,TEMPERED / HUMID,1,0,1
2/26/2009,1058,2,5,188.38,0.95678947,SP,TEMPERED / HUMID,1,0,1
2/27/2009,1058,2,6,179.99,1.05044725,SP,TEMPERED / HUMID,1,0,1
2/28/2009,1058,2,7,357.65,0.78006431,SP,TEMPERED / HUMID,1,0,1
3/01/2009,1058,3,1,165.56,0.7899251,SP,TEMPERED / HUMID,1,0,1
3/02/2009,1058,3,2,51.63,1.23842727,SP,TEMPERED / HUMID,0,0,1
3/03/2009,1058,3,3,87.64,0.75,SP,TEMPERED / HUMID,1,0,1
3/04/2009,1058,3,4,109.06,1.3852925,SP,TEMPERED / HUMID,1,0,1
3/05/2009,1058,3,5,312.14,0.98994041,SP,TEMPERED / HUMID,1,0,1
3/06/2009,1058,3,6,217.49,0.93990528,SP,TEMPERED / HUMID,1,0,1
3/07/2009,1058,3,7,187.32,0.95003203,SP,TEMPERED / HUMID,1,0,1
3/08/2009,1058,3,1,44.69,0.9796375,SP,TEMPERED / HUMID,0,0,1
3/13/2009,1058,3,6,68.99,1.47992463,SP,TEMPERED / HUMID,0,0,1
3/14/2009,1058,3,7,114.9,1.47093124,SP,TEMPERED / HUMID,0,0,1
3/15/2009,1058,3,1,134.29,1.47196366,SP,TEMPERED / HUMID,0,0,1
3/16/2009,1058,3,2,104.7,1.48042025,SP,TEMPERED / HUMID,0,0,1
3/17/2009,1058,3,3,53.99,1.48008891,SP,TEMPERED / HUMID,0,0,1
3/18/2009,1058,3,4,93.92,1.70868825,SP,TEMPERED / HUMID,0,0,1
3/19/2009,1058,3,5,70.49,1.78039438,SP,TEMPERED / HUMID,0,0,1
3/20/2009,1058,3,6,91.06,1.47012958,SP,TEMPERED / HUMID,0,0,1
3/21/2009,1058,3,7,181.09,1.34270252,SP,TEMPERED / HUMID,0,0,1
3/22/2009,1058,3,1,117.22,1.18998464,SP,TEMPERED / HUMID,0,0,1
3/23/2009,1058,3,2,89.44,1.19029517,SP,TEMPERED / HUMID,0,0,1
3/24/2009,1058,3,3,57.29,1.48053762,SP,TEMPERED / HUMID,0,0,1
3/25/2009,1058,3,4,137.57,1.45504107,SP,TEMPERED / HUMID,0,0,1
3/26/2009,1058,3,5,50.27,1.60015914,SP,TEMPERED / HUMID,0,0,1
3/27/2009,1058,3,6,35.14,1.49943085,SP,TEMPERED / HUMID,0,0,1
3/28/2009,1058,3,7,187.62,1.64998401,SP,TEMPERED / HUMID,0,0,1
3/29/2009,1058,3,1,97.48,1.64997948,SP,TEMPERED / HUMID,0,0,1
3/30/2009,1058,3,2,54.45,1.64995409,SP,TEMPERED / HUMID,0,0,1
3/31/2009,1058,3,3,83.68,1.38814532,SP,TEMPERED / HUMID,0,0,1
4/01/2009,1058,4,4,122.64,0.98964449,SP,TEMPERED / HUMID,0,0,1
4/02/2009,1058,4,5,150.63,0.98645688,SP,TEMPERED / HUMID,0,0,1
4/03/2009,1058,4,6,1224.86,0.64985386,SP,TEMPERED / HUMID,1,0,1
4/04/2009,1058,4,7,234.33,1.38996287,SP,TEMPERED / HUMID,1,0,1
4/05/2009,1058,4,1,181.79,0.98976841,SP,TEMPERED / HUMID,1,0,1
4/06/2009,1058,4,2,64.09,1.56467468,SP,TEMPERED / HUMID,0,0,1
4/07/2009,1058,4,3,296.11,0.94995103,SP,TEMPERED / HUMID,1,0,1
4/08/2009,1058,4,4,61.51,0.64249715,SP,TEMPERED / HUMID,1,0,1
4/13/2009,1058,4,2,92.47,1.570239,SP,TEMPERED / HUMID,0,0,1
4/14/2009,1058,4,3,145.17,0.97692361,SP,TEMPERED / HUMID,1,0,1
4/15/2009,1058,4,4,263.29,0.9675263,SP,TEMPERED / HUMID,1,0,1
4/16/2009,1058,4,5,46.92,1.59036658,SP,TEMPERED / HUMID,0,0,1
4/17/2009,1058,4,6,50.54,1.5900277,SP,TEMPERED / HUMID,0,0,1
4/18/2009,1058,4,7,165.24,1.29030501,SP,TEMPERED / HUMID,0,0,1
4/19/2009,1058,4,1,122.24,1.28967605,SP,TEMPERED / HUMID,0,0,1
4/20/2009,1058,4,2,112.09,1.28958872,SP,TEMPERED / HUMID,0,0,1
4/21/2009,1058,4,3,205.24,0.95244592,SP,TEMPERED / HUMID,1,0,1
4/22/2009,1058,4,4,457.31,0.92536791,SP,TEMPERED / HUMID,1,0,1
4/23/2009,1058,4,5,174.45,0.89011178,SP,TEMPERED / HUMID,1,0,1
4/24/2009,1058,4,6,137.93,0.89016168,SP,TEMPERED / HUMID,1,0,1
4/25/2009,1058,4,7,260.73,0.89000115,SP,TEMPERED / HUMID,1,0,1
4/26/2009,1058,4,1,138.02,0.89001594,SP,TEMPERED / HUMID,1,0,1
4/27/2009,1058,4,2,52.22,1.27977786,SP,TEMPERED / HUMID,0,0,1
4/28/2009,1058,4,3,142.9,0.94793562,SP,TEMPERED / HUMID,1,0,1
4/29/2009,1058,4,4,279.06,0.95018992,SP,TEMPERED / HUMID,1,0,1
4/30/2009,1058,4,5,53.97,1.26533259,SP,TEMPERED / HUMID,0,0,1
5/01/2009,1058,5,6,99.82,0.98998197,SP,TEMPERED / HUMID,1,0,1
5/02/2009,1058,5,7,81.51,1.45847135,SP,TEMPERED / HUMID,0,0,1
5/03/2009,1058,5,1,64.36,1.37119329,SP,TEMPERED / HUMID,0,0,1
5/04/2009,1058,5,2,177.75,1.38987342,SP,TEMPERED / HUMID,1,0,1
5/05/2009,1058,5,3,226.52,0.93815116,SP,TEMPERED / HUMID,1,0,1
5/06/2009,1058,5,4,116.28,0.98099415,SP,TEMPERED / HUMID,1,0,1
5/07/2009,1058,5,5,135.83,0.9498638,SP,TEMPERED / HUMID,1,0,1
5/08/2009,1058,5,6,853.81,0.6500041,SP,TEMPERED / HUMID,1,0,1
5/13/2009,1058,5,4,431.28,0.94001577,SP,TEMPERED / HUMID,1,0,1
5/14/2009,1058,5,5,60.96,1.59055118,SP,TEMPERED / HUMID,0,0,1
5/15/2009,1058,5,6,69.22,1.68982953,SP,TEMPERED / HUMID,0,0,1
5/16/2009,1058,5,7,191.52,1.69016291,SP,TEMPERED / HUMID,0,0,1
5/17/2009,1058,5,1,144.3,1.69009009,SP,TEMPERED / HUMID,0,0,1
5/18/2009,1058,5,2,73.79,1.67990243,SP,TEMPERED / HUMID,0,0,1
5/19/2009,1058,5,3,127.58,0.94207556,SP,TEMPERED / HUMID,1,0,1
5/20/2009,1058,5,4,505.89,0.77963589,SP,TEMPERED / HUMID,1,0,1
5/21/2009,1058,5,5,88.07,1.58953105,SP,TEMPERED / HUMID,1,0,1
5/22/2009,1058,5,6,100.11,0.96993307,SP,TEMPERED / HUMID,1,0,1
5/23/2009,1058,5,7,195.49,0.96992174,SP,TEMPERED / HUMID,1,0,1
5/24/2009,1058,5,1,189.04,0.96995345,SP,TEMPERED / HUMID,1,0,1
5/25/2009,1058,5,2,63.55,1.68009441,SP,TEMPERED / HUMID,0,0,1
5/26/2009,1058,5,3,182.35,0.93457636,SP,TEMPERED / HUMID,1,0,1
5/27/2009,1058,5,4,317.52,0.93852356,SP,TEMPERED / HUMID,1,0,1
5/28/2009,1058,5,5,28.76,1.51495132,SP,TEMPERED / HUMID,0,0,1
5/29/2009,1058,5,6,54.87,1.58957536,SP,TEMPERED / HUMID,0,0,1
5/30/2009,1058,5,7,165.12,1.66975533,SP,TEMPERED / HUMID,0,0,1
5/31/2009,1058,5,1,148.6,1.66998654,SP,TEMPERED / HUMID,0,0,1
6/01/2009,1058,6,2,143.45,0.88065528,SP,TEMPERED / HUMID,1,0,1
6/02/2009,1058,6,3,122.44,1.46920941,SP,TEMPERED / HUMID,0,0,1
6/03/2009,1058,6,4,80.71,1.47986619,SP,TEMPERED / HUMID,0,0,1
6/04/2009,1058,6,5,39.48,1.57953394,SP,TEMPERED / HUMID,0,0,1
6/05/2009,1058,6,6,327.8,0.95015253,SP,TEMPERED / HUMID,1,0,1
6/06/2009,1058,6,7,205.44,0.98997274,SP,TEMPERED / HUMID,1,0,1
6/07/2009,1058,6,1,85.13,1.16210502,SP,TEMPERED / HUMID,0,0,1
6/08/2009,1058,6,2,115.1,1.29009557,SP,TEMPERED / HUMID,0,0,1
6/13/2009,1058,6,7,182.4,0.98991228,SP,TEMPERED / HUMID,1,0,1
6/14/2009,1058,6,1,94.14,1.49001487,SP,TEMPERED / HUMID,0,0,1
6/15/2009,1058,6,2,77.91,1.49005262,SP,TEMPERED / HUMID,0,0,1
6/16/2009,1058,6,3,152.79,0.83585313,SP,TEMPERED / HUMID,1,0,1
6/17/2009,1058,6,4,218.05,0.88860353,SP,TEMPERED / HUMID,1,0,1
6/18/2009,1058,6,5,49.37,1.530079,SP,TEMPERED / HUMID,0,0,1
6/19/2009,1058,6,6,51.39,1.5304534,SP,TEMPERED / HUMID,0,0,1
6/20/2009,1058,6,7,186.3,1.53027375,SP,TEMPERED / HUMID,0,0,1
6/21/2009,1058,6,1,151.37,1.53015789,SP,TEMPERED / HUMID,0,0,1
6/22/2009,1058,6,2,125.08,1.53006076,SP,TEMPERED / HUMID,0,0,1
6/23/2009,1058,6,3,176.61,1.17960478,SP,TEMPERED / HUMID,0,0,1
6/24/2009,1058,6,4,140.43,1.17004913,SP,TEMPERED / HUMID,0,0,1
6/25/2009,1058,6,5,40.69,1.13025313,SP,TEMPERED / HUMID,0,0,1
6/27/2009,1058,6,7,263.26,0.88558839,SP,TEMPERED / HUMID,1,0,1
6/28/2009,1058,6,1,173.24,0.89009467,SP,TEMPERED / HUMID,1,0,1
6/29/2009,1058,6,2,64.51,0.89009456,SP,TEMPERED / HUMID,1,0,1
6/30/2009,1058,6,3,191.03,0.79584358,SP,TEMPERED / HUMID,1,1,1
7/01/2009,1058,7,4,225.45,0.88001774,SP,TEMPERED / HUMID,1,1,1
7/02/2009,1058,7,5,165.44,1.42716393,SP,TEMPERED / HUMID,0,1,1
7/03/2009,1058,7,6,208.17,1.47994428,SP,TEMPERED / HUMID,0,1,1
7/04/2009,1058,7,7,154.56,0.95005176,SP,TEMPERED / HUMID,1,1,1
7/05/2009,1058,7,1,144.94,0.97392024,SP,TEMPERED / HUMID,1,1,1
7/06/2009,1058,7,2,160.01,0.99018811,SP,TEMPERED / HUMID,1,1,1
7/07/2009,1058,7,3,804.7,0.33999006,SP,TEMPERED / HUMID,1,1,1
7/08/2009,1058,7,4,85.96,1.39006515,SP,TEMPERED / HUMID,0,1,1
7/13/2009,1058,7,2,63.62,1.18972021,SP,TEMPERED / HUMID,0,1,1
7/14/2009,1058,7,3,294.22,0.60957787,SP,TEMPERED / HUMID,1,1,1
7/15/2009,1058,7,4,926.38,0.73824996,SP,TEMPERED / HUMID,1,1,1
7/16/2009,1058,7,5,78.37,1.19025137,SP,TEMPERED / HUMID,0,1,1
7/17/2009,1058,7,6,0,.,SP,TEMPERED / HUMID,0,1,1
7/18/2009,1058,7,7,223.51,1.16737506,SP,TEMPERED / HUMID,0,1,1
7/19/2009,1058,7,1,124.87,1.16328982,SP,TEMPERED / HUMID,0,1,1
7/20/2009,1058,7,2,83.86,1.1900787,SP,TEMPERED / HUMID,0,1,1
7/21/2009,1058,7,3,323.87,0.75635286,SP,TEMPERED / HUMID,1,1,1
7/22/2009,1058,7,4,716.93,0.76937776,SP,TEMPERED / HUMID,1,1,1
7/23/2009,1058,7,5,96.07,1.26262101,SP,TEMPERED / HUMID,0,1,1
7/24/2009,1058,7,6,219.73,0.7798662,SP,TEMPERED / HUMID,1,1,1
7/25/2009,1058,7,7,325.15,0.77997847,SP,TEMPERED / HUMID,1,1,1
7/26/2009,1058,7,1,158.51,0.78014005,SP,TEMPERED / HUMID,1,1,1
7/27/2009,1058,7,2,112.42,1.38987725,SP,TEMPERED / HUMID,0,1,1
7/28/2009,1058,7,3,310.63,0.64884267,SP,TEMPERED / HUMID,1,1,1
7/29/2009,1058,7,4,678.91,0.64990941,SP,TEMPERED / HUMID,1,1,1
7/30/2009,1058,7,5,65.68,1.13383069,SP,TEMPERED / HUMID,0,1,1
7/31/2009,1058,7,6,83.96,1.28966174,SP,TEMPERED / HUMID,0,1,1
8/01/2009,1058,8,7,95.11,0.97981285,SP,TEMPERED / HUMID,0,1,1
8/02/2009,1058,8,1,109.6,1.48029197,SP,TEMPERED / HUMID,0,1,1
8/03/2009,1058,8,2,74.05,1.48008103,SP,TEMPERED / HUMID,0,1,1
8/04/2009,1058,8,3,275.85,0.94888526,SP,TEMPERED / HUMID,1,1,1
8/05/2009,1058,8,4,215.08,0.97996094,SP,TEMPERED / HUMID,1,1,1
8/06/2009,1058,8,5,55.87,0.98979774,SP,TEMPERED / HUMID,1,1,1
8/07/2009,1058,8,6,240.02,0.34009666,SP,TEMPERED / HUMID,1,1,1
8/08/2009,1058,8,7,222.05,1.39000225,SP,TEMPERED / HUMID,0,1,1
8/13/2009,1058,8,5,71.29,1.28980222,SP,TEMPERED / HUMID,0,1,1
8/14/2009,1058,8,6,50.64,1.37993681,SP,TEMPERED / HUMID,0,1,1
8/15/2009,1058,8,7,195.64,1.2800552,SP,TEMPERED / HUMID,0,1,1
8/16/2009,1058,8,1,207.88,1.27992111,SP,TEMPERED / HUMID,0,1,1
8/17/2009,1058,8,2,85.85,1.2800233,SP,TEMPERED / HUMID,0,1,1
8/18/2009,1058,8,3,112.88,0.76346563,SP,TEMPERED / HUMID,1,1,1
8/19/2009,1058,8,4,286.16,0.78005312,SP,TEMPERED / HUMID,1,1,1
8/20/2009,1058,8,5,41.27,1.27986431,SP,TEMPERED / HUMID,0,1,1
8/21/2009,1058,8,6,75.18,1.25871242,SP,TEMPERED / HUMID,0,1,1
8/23/2009,1058,8,1,201.49,0.88982083,SP,TEMPERED / HUMID,1,1,1
8/24/2009,1058,8,2,82,0.88365854,SP,TEMPERED / HUMID,1,1,1
8/25/2009,1058,8,3,178.53,0.66061726,SP,TEMPERED / HUMID,1,1,1
8/26/2009,1058,8,4,609.66,0.71328281,SP,TEMPERED / HUMID,1,1,1
8/27/2009,1058,8,5,124.22,0.96844308,SP,TEMPERED / HUMID,0,1,1
8/31/2009,1058,8,2,84.31,0.99027399,SP,TEMPERED / HUMID,0,1,1
9/01/2009,1058,9,3,101.5,0.98,SP,TEMPERED / HUMID,0,1,1
9/02/2009,1058,9,4,64.93,1.47990143,SP,TEMPERED / HUMID,0,1,1
9/03/2009,1058,9,5,22.78,1.47936787,SP,TEMPERED / HUMID,0,1,1
9/04/2009,1058,9,6,264.1,0.95020825,SP,TEMPERED / HUMID,1,1,1
9/05/2009,1058,9,7,244.2,0.97993448,SP,TEMPERED / HUMID,1,1,1
9/06/2009,1058,9,1,122.23,0.72216314,SP,TEMPERED / HUMID,1,1,1
9/07/2009,1058,9,2,34.59,1.13616652,SP,TEMPERED / HUMID,0,1,1
9/08/2009,1058,9,3,91.58,1.39047827,SP,TEMPERED / HUMID,0,1,1
10/01/2009,1058,10,5,157.75,0.9800317,SP,TEMPERED / HUMID,0,1,1
10/02/2009,1058,10,6,69.91,1.47975969,SP,TEMPERED / HUMID,0,1,1
10/03/2009,1058,10,7,158.99,1.44939933,SP,TEMPERED / HUMID,0,1,1
10/04/2009,1058,10,1,199.9,0.94892446,SP,TEMPERED / HUMID,1,1,1
10/05/2009,1058,10,2,118.81,0.98005218,SP,TEMPERED / HUMID,1,1,1
10/06/2009,1058,10,3,629.54,0.66909172,SP,TEMPERED / HUMID,1,1,1
10/07/2009,1058,10,4,51.34,1.19010518,SP,TEMPERED / HUMID,0,1,1
10/08/2009,1058,10,5,117.53,1.38951757,SP,TEMPERED / HUMID,0,1,1
11/01/2009,1058,11,1,118.85,0.97997476,SP,TEMPERED / HUMID,0,1,1
11/02/2009,1058,11,2,154.2,1.45350195,SP,TEMPERED / HUMID,0,1,1
11/03/2009,1058,11,3,240.72,1.4689681,SP,TEMPERED / HUMID,0,1,1
11/04/2009,1058,11,4,244.64,0.95008993,SP,TEMPERED / HUMID,1,1,1
11/05/2009,1058,11,5,169.46,1.47509737,SP,TEMPERED / HUMID,0,1,1
11/06/2009,1058,11,6,177.9,1.48988196,SP,TEMPERED / HUMID,0,1,1
11/07/2009,1058,11,7,225.56,1.18988296,SP,TEMPERED / HUMID,0,1,1
11/08/2009,1058,11,1,477.54,0.57015119,SP,TEMPERED / HUMID,1,1,1
12/01/2009,1058,12,3,21.99,0.9799909,SP,TEMPERED / HUMID,0,1,1
12/02/2009,1058,12,4,61.51,1.47975939,SP,TEMPERED / HUMID,0,1,1
12/03/2009,1058,12,5,120.85,1.47960281,SP,TEMPERED / HUMID,0,1,1
12/04/2009,1058,12,6,64.31,0.94961903,SP,TEMPERED / HUMID,1,1,1
12/05/2009,1058,12,7,167.13,0.93705499,SP,TEMPERED / HUMID,1,1,1
12/06/2009,1058,12,1,148.4,1.14791105,SP,TEMPERED / HUMID,1,1,1
12/07/2009,1058,12,2,79.11,1.189483,SP,TEMPERED / HUMID,0,1,1
12/08/2009,1058,12,3,1190.25,0.56972905,SP,TEMPERED / HUMID,1,1,1
